2191 3434
521 202 1080 252 Glagolito-Romanae
1106 201 1198 239 XVI
1224 216 1252 240 s.
1800 207 1841 242 51

664 353 763 393 182.
797 353 926 405 1598,
959 351 1169 393 Labacen.

128 450 315 491 Litterae
347 455 548 501 patentes
581 449 754 488 Ioannis
787 448 1032 489 Tautscher
1056 449 1324 488 Labacensis
1359 450 1571 501 episcopi,
1605 449 1662 489 de
1696 448 1738 489 S.
1760 449 1840 489 Or-

3 524 8 537 ’
63 536 88 564 e
119 521 324 562 Andreae
374 521 489 573 Ling
539 521 714 560 servitio
768 519 955 572 Capituli
989 521 1292 574 Zagrabiensis
1344 521 1538 569 addicto,
1574 521 1843 561 sufficienter

32 595 236 636 emissa
270 591 474 634 Croatico
509 592 719 632 idiomate
752 593 964 646 legenda«
1004 594 1230 639 instructo,
1264 592 1436 631 collato.

128 685 235 721 Barle
262 687 298 720 in
319 685 566 729 ephemeride
593 685 785 720 Katolicki
812 686 894 720 List
923 689 1029 727 1894,
1059 688 1140 720 385.

605 880 702 930 183.
736 880 865 932 1598,
904 877 1000 920 Olz'b
1038 878 1221 927 Jadren.

6 972 61 1040 ¹1'
128 976 359 1028 Presbyter
404 975 624 1028 Georgius
658 975 918 1028 Cetinjanin‚
969 977 1042 1028 qui
1096 975 1310 1029 profugos
1363 989 1419 1015 ex
1454 975 1606 1017 Cetina
1657 976 1837 1018 Olibum

551 1466 650 1519 184.
687 1467 802 1519 [598
833 1466 903 1507 vel
931 1478 1057 1519 1599,
1089 1466 1286 1507 Petenen.

125 1561 344 1616 Georgius
377 1562 635 1615 Reitgartler
685 1564 923 1614 episcopus
956 1563 1211 1603 Petenensis
1247 1565 1286 1602 in
1321 1563 1530 1603 relatione
1564 1564 1834 1605 Visitationis

20 1679 24 1683 ,
73 1633 243 1674 Limina
286 1632 606 1686 Apostolorum
660 1633 703 1675 S.
737 1633 1139 1688 Congregationem
1193 1633 1376 1675 Concilii
1422 1635 1478 1675 de
1511 1642 1625 1699 statu
1657 1637 1835 1677 dioece-

0 1739 1 1743 ,
36 1723 75 1774 ίι.
118 1707 349 1746 certiorem
382 1705 588 1754 reddens,
620 1707 766 1746 refert:

30 1773 38 1819 'l
129 1777 271 1818 »Fuor
302 1778 347 1817 di
391 1776 568 1817 Pedena
620 1785 662 1818 et
695 1778 966 1832 Gallignana,
1000 1780 1042 1818 in
1094 1785 1203 1819 tutta
1236 1779 1419 1819 diocese
1452 1792 1563 1819 sono
1617 1780 1836 1820 sacerdoti

36 1836 162 1904 dirici,
193 1838 308 1890 quali
342 1837 506 1877 dicono
557 1837 583 1877 l’
605 1837 767 1878 Officio
815 1845 858 1878 et
909 1838 1048 1879 Messa
1103 1839 1251 1892 lingua
1304 1839 1493 1886 Hilirica,
1527 1840 1645 1880 onde
1678 1841 1834 1880 siando

19 1897 135 1950 1poli
167 1897 367 1949 semplici
400 1898 435 1937 si
468 1904 737 1938 contentano
771 1898 814 1938 (li
849 1899 913 1938 lor
946 1898 1151 1948 officiare,
1197 1912 1286 1938 non
1318 1900 1572 1940 trovandosi
1616 1901 1834 1941 sacerdoti

15 1957 114 1997 ini.

38 2046 40 2053 .
67 2041 71 2046 -
125 2014 174 2056 L’
192 2017 336 2056 anime
369 2018 410 2056 in
443 2024 552 2056 tutta
585 2024 741 2070 questa
774 2018 955 2057 diocese
983 2030 1095 2058 sono
1130 2020 1172 2058 in
1207 2018 1351 2058 circha
1389 2020 1442 2059 10
1475 2019 1605 2067 milla,
1639 2020 1681 2059 di
1717 2021 1831 2073 quali

22 2090 43 2106 ‘—
68 2089 95 2116 o
128 2077 173 2116 di
204 2076 278 2128 piu
311 2077 465 2128 popoli
497 2079 662 2130 antiqui
697 2077 741 2117 di
776 2078 982 2127 contado,
1015 2078 1157 2118 alcuni
1192 2079 1285 2118 altri
1320 2092 1432 2118 sono
1466 2081 1614 2119 venuti
1648 2080 1691 2119 di
1727 2093 1830 2120 con-

16 2136 71 2186 ÷i‚
101 2136 290 2176 essendo
323 2136 541 2189 profligati
586 2137 642 2177 da
674 2137 851 2185 Turchi‚
884 2138 1038 2189 popoli
1090 2137 1235 2179 Croati
1269 2139 1371 2178 dico
1423 2140 1725 2192 antiquissimi,
1777 2141 1834 2180 da

21 2196 97 2263 'nne
129 2202 171 2236 et
203 2195 426 2236 obedienti
477 2196 559 2236 alla
591 2204 713 2237 santa
745 2197 898 2238 Madre
949 2197 1117 2238 Chiesa.
1169 2197 1273 2240 Cosi
1305 2199 1448 2238 ancho
1483 2211 1596 2239 sono
1629 2200 1834 2252 alquante

0 2254 25 2306 {i
38 2254 82 2304 le
112 2255 153 2295 d'
173 2255 277 2295 altre
308 2257 457 2296 nation
491 2256 598 2296 detti
630 2257 855 2306 Morlachi‚
888 2260 1033 2297 venuti
1068 2260 1295 2310 parimenti
1331 2259 1425 2298 loro
1469 2259 1525 2298 da
1558 2259 1734 2308 confini,
1768 2273 1832 2298 es-

18 2313 124 2362 <hdo
156 2315 376 2355 discaciati
410 2330 434 2356 a
465 2315 665 2357 Turchi.‹

21 2411 40 2454 ⁴¹
123 2408 391 2442 Anthenticum
418 2409 455 2442 in
483 2409 646 2443 Archivo
673 2409 708 2444 S.
739 2410 876 2455 Congr.
905 2411 1062 2445 Concilii
1103 2411 1138 2445 in
1167 2412 1368 2446 Tabulario
1396 2412 1593 2453 Vaticano,
1633 2412 1742 2457 juxta
1770 2424 1834 2446 ex-

7 2475 17 2494 ‚¹
39 2457 155 2501 ptum
184 2455 446 2490 Crncicianum
474 2459 559 2491 anni
587 2461 717 2493 1892.-

653 2652 750 2706 185.
783 2655 901 2707 1508
933 2667 978 2704 c.,
1009 2651 1172 2695 Nonae.

124 2743 291 2788 Relatio
323 2748 381 2789 de
401 2756 514 2790 statu
534 2749 755 2790 Nonensis
788 2750 1051 2790 dioeceseos
1083 2751 1139 2790 ad
1174 2749 1216 2790 S.
1245 2749 1410 2791 Sedem
1446 2757 1660 2802 porrecta,
1682 2751 1828 2803 quoad

0 2857 22 2868 „
71 2829 112 2856 m
147 2818 344 2873 liturgiae
378 2820 851 2874 Glagolito-Romanae
884 2822 1034 2862 habet:

43 2872 45 2878 A
131 2889 202 2930 »In
234 2891 445 2932 ruralibus
477 2893 676 2933 ecclesiis
709 2894 916 2933 omnibus
951 2894 1123 2945 Illyrico
1159 2894 1403 2933 celebratur
1437 2893 1687 2933 idiomate«.

20 3009 25 3031 ,¹
128 2981 214 3017 Mss.
240 2983 486 3020 Monumenta
512 2985 768 3021 ecclesiastica
793 2997 826 3021 c.
854 2987 1051 3025 Nmrensis,
1073 2987 1118 3019 ab
1146 2987 1330 3029 episcopo
1360 2986 1524 3019 Nonensi
1553 2986 1755 3019 Francisco
1776 2986 1824 3018 de⁴

0 3024 21 3052 ¹⁰
42 3028 134 3062 -ssis
157 3039 255 3065 anno
282 3035 373 3067 1675
400 3033 436 3066 in
461 3034 678 3067 authentica
704 3034 824 3068 forma
862 3034 1034 3074 collecta,
1062 3045 1096 3076 p.
1136 3040 1215 3068 281.
1243 3046 1269 3067 s.
1300 3034 1527 3067 inscribitur:
1560 3036 1681 3067 »1503
1712 3033 1819 3066 Rela-

60 3079 178 3111 status
203 3078 397 3113 Ecclesiae
422 3080 609 3115 Nouensis
635 3081 726 3115 sedi
746 3082 1022 3125 Apostolicae«.
1055 3080 1097 3114 In
1124 3082 1289 3115 Archivo
1311 3081 1632 3124 Archiepiscopali
1657 3080 1825 3124 Jadrensi

41 3117 124 3158 '‘ber
147 3123 302 3160 Rubeus
328 3127 550 3172 Nonens1s‹‚
