2191 3434
548 310 1085 357 Glagolito-Romanae
1133 310 1290 345 XVII.
1341 322 1376 346 s.
1772 312 1813 346 71

59 455 167 498 1686
209 465 360 494 mense
406 451 580 505 Aprilis,
628 465 707 505 per
762 452 874 493 duos
915 465 1069 501 annos,
1112 452 1366 493 admonitus
1410 454 1540 494 antea
1586 452 1693 494 1689
1748 452 1862 505 cepit

58 512 191 569 [sic!].
236 510 391 564 Itaque
425 511 538 552 circa
574 511 683 552 1680
715 511 782 552 vel
809 510 912 551 1681
949 510 1191 564 presbyteri
1222 511 1281 551 1111
1318 511 1407 552 duo
1441 510 1711 564 reliquerunt
1744 524 1770 552 a
1792 523 1862 551 me

55 572 252 624 rogante.

59 756 89 799 S
139 677 142 680 ¹
180 696 242 761 ’In
274 694 453 760 croatia
500 695 624 736 villae
667 695 980 748 Glagolitarum
1027 695 1110 745 sub
1157 695 1415 748 episcopatu
1463 695 1764 737 Modruscensi
1819 698 1862 737 et

94 767 300 808 egmensr
538 773 543 777 ι
1576 776 1578 778 ,

159 840 163 842 ’
230 835 264 875 1.
298 833 531 875 Tersatum
567 834 728 889 [Trsat]
764 834 847 877 300
880 835 1129 884 domorum,
1172 848 1286 888 quae
1319 835 1524 877 dicuntur
1559 836 1774 888 ‚‚kmeto“‚
1806 836 1862 877 si-

59 897 132 938 cut
163 892 326 935 familia
358 892 517 933 dicitur
554 894 712 941 „kuca“
749 893 942 934 Hischia.

196 950 397 993 Eundem
429 950 517 991 fere
549 963 782 992 numerum
814 952 979 992 habent
1012 951 1242 1004 sequentia
1274 950 1382 992 loca.

226 1009 264 1049 2.
299 1007 522 1049 Grobnich
558 1008 787 1062 [Grobnik]
823 1022 875 1049 ex
906 1010 931 1049 8
967 1009 1201 1050 canonicis.

227 1067 266 1107 3.
297 1066 448 1115 Bacar,
482 1066 625 1108 Bucar
656 1067 742 1108 ital.
778 1066 953 1121 [Bakar]
989 1071 1030 1108 et
1062 1067 1193 1108 habet
1227 1068 1252 1109 8
1284 1067 1352 1108 vel
1388 1068 1437 1109 192
1472 1067 1722 1111 canonicos

226 1126 265 1166 4.
300 1123 492 1176 Hriglien
529 1124 747 1179 [Hreljin].

225 1183 263 1224 5.
297 1182 535 1223 Driuenich
567 1196 643 1223 seu
678 1182 925 1223 Dreuenich
961 1182 1215 1237 [Drivenik].

229 1241 269 1282 6.
303 1239 483 1281 Grisane
527 1239 748 1294 [Gazam]
801 1241 944 1293 patria
986 1240 1181 1293 Gregorii
1229 1241 1395 1294 Papich
1436 1241 1677 1294 presbyteri
1713 1241 1865 1296 [cano-

56 1299 140 1342 nici
174 1298 215 1340 S.
249 1297 503 1352 Hieronymi
528 1299 822 1340 Slavonorum
846 1299 899 1339 de
922 1298 1071 1353 Urbe]‚
1097 1312 1148 1339 ex
1172 1312 1260 1352 quo
1284 1300 1398 1340 hanc
1441 1300 1639 1341 notulam
1679 1300 1860 1341 confeci.

225 1355 437 1398 7.Bribir
469 1369 520 1396 ex
552 1357 576 1397 8
611 1356 845 1405 canonicis,
884 1357 1010 1397 sedes
1043 1360 1191 1398 autem
1234 1360 1298 1398 est
1330 1356 1485 1398 Vicarii
1520 1357 1861 1399 Modrusciensis

62 1413 270 1468 episcopi.
306 1413 417 1455 Cum
451 1414 565 1455 enim
607 1414 854 1455 Modrussia
894 1415 1074 1455 ulterius
1106 1415 1150 1455 in
1193 1415 1536 1457 mediterraneas
1567 1418 1717 1468 partes
1750 1418 1864 1457 esset

62 1485 213 1515 eversa
243 1485 322 1524 per
353 1471 534 1519 Turcas,
569 1472 801 1525 episcopus
830 1472 1075 1513 Brebirium
1120 1473 1339 1514 transtulit
1371 1473 1534 1514 sedem.
1568 1473 1688 1515 Licet
1721 1477 1868 1515 autem

62 1531 178 1572 idem
213 1529 448 1583 episcopus
492 1543 569 1583 pro
614 1530 841 1582 Segniensi
890 1530 1108 1572 Vicarium
1156 1533 1274 1572 tenet
1325 1531 1526 1584 Segniae‚
1568 1544 1650 1585 pro
1686 1531 1869 1574 Modru-

60 1588 201 1630 scensi
234 1588 492 1641 episcopatu
526 1588 745 1629 Vicarium
776 1591 896 1629 tenet
928 1588 1127 1630 Brebirii.

225 1646 264 1687 8.
297 1645 412 1687 Noui
447 1645 606 1700 [No-vi}
640 1647 715 1687 ubi
747 1646 773 1687 8
807 1647 1050 1688 canonicis,

225 1705 264 1746 9.
297 1703 540 1745 Ledenizze
574 1703 841 1758 [Ledenice].

177 1763 263 1804 .10.
296 1761 455 1814 Segnia
490 1761 625 1816 [Senj]
664 1762 938 1803 Cathedralis
970 1762 1044 1803 ubi
1082 1762 1135 1804 10
1167 1762 1382 1810 canonici,
1407 1764 1448 1803 et
1471 1762 1719 1805 Modrussia
1753 1762 1870 1818 [Mo-

59 1819 207 1874 druse]
242 1819 368 1860 sedes
401 1820 661 1873 episcopalis
693 1821 930 1870 destructa,
973 1821 1016 1861 in
1050 1823 1199 1861 monte
1242 1820 1354 1862 inter
1387 1821 1540 1872 sylvas,
1581 1821 1666 1863 600
1698 1821 1870 1863 domus.

58 1876 252 1920 Ecclesia
280 1877 348 1918 ibi·
372 1877 422 1919 B.
458 1878 502 1918 V.
537 1879 819 1931 Assumptae.
853 1879 928 1919 ubi
961 1878 1176 1931 plebanus
1209 1892 1308 1919 cum
1342 1879 1608 1932 cappellano.

197 1937 260 1977 11.
294 1935 496 1988 Togugin
530 1934 739 1991 [Togunj.
777 1935 942 1991 Tounj]
988 1937 1212 1978 castellum
1255 1937 1298 1978 in
1341 1936 1474 1990 plano
1512 1935 1566 1991 (5³)
1600 1939 1764 1988 monte,
1797 1937 1872 1979 ubi

89 1993 286 2035 lebanus.

58 2007 86 2047 p
198 2051 261 2093 12.
294 2050 526 2094 Hostariae
559 2050 784 2107 [Ostarije]
801 2052 842 2093 in
876 2052 1067 2104 planitie,
1080 2053 1165 2093 400
1198 2052 1429 2093 domorum
1455 2052 1676 2094 destructa
1708 2066 1733 2094 a
1764 2053 1876 2095 Tur-

59 2109 131 2158 cis,
162 2109 297 2150 habet
338 2110 564 2151 ecclesiam
605 2124 801 2163 parvam,
848 2113 977 2152 antea
1007 2111 1134 2155 valde
1167 2123 1372 2162 magnam
1404 2111 1450 2152 Β.
1495 2110 1540 2151 V.
1591 2111 1869 2164 Assumptae‚

27 2180 30 2181 ⁷
62 2167 199 2209 habet
235 2167 510 2220 parochiam.

199 2225 260 2266 13.
295 2225 516 2277 Hugolino
551 2225 744 2280 [Ogulin]
789 2226 833 2267 in
866 2226 1061 2279 planitie,
1105 2227 1189 2269 200
1231 2226 1479 2276 domorum,
1513 2226 1755 2269 destructa.
1791 2198 1873 2268 Ec-

57 2283 184 2324 clesia
218 2283 260 2325 S.
294 2283 521 2332 Bernardi,
555 2284 795 2337 plebanum
829 2284 979 2325 habet.

196 2342 258 2382 14.
302 2341 482 2382 Leschie
523 2342 692 2396 (Lesce)
743 2343 822 2383 150
863 2342 1112 2391 domorum,
1155 2342 1198 2383 in
1240 2341 1418 2395 planae,
1465 2341 1694 2384 ecclesiam
1729 2342 1865 2384 habet

63 2411 162 2440 cum
195 2399 404 2452 plebano.

200 2457 264 2498 15.
298 2456 526 2498 Lucoudol
561 2456 829 2512 [Lukovdol]
864 2471 962 2499 cum
997 2457 1243 2510 capellano.

197 2513 264 2555 16.
297 2515 516 2556 Muravize
546 2515 801 2569 (Moravice)
837 2516 880 2556 in
913 2519 1076 2565 monte,
1122 2515 1306 2557 ecclesia
1337 2528 1367 2556 s.
1404 2514 1613 2564 Nicolaii3
1645 2516 1868 2568 parochus

62 2584 160 2613 cum
193 2572 434 2625 capellano.

201 2630 263 2671 17.
297 2630 414 2671 Brod
463 2630 674 2684 [Delnice]
718 2630 946 2672 Parochus
989 2644 1088 2673 cum
1132 2631 1373 2685 capellano,
1418 2633 1589 2672 torrens
1642 2630 1786 2684 Cupa2
1826 2631 1868 2673 S.

69 2685 241 2740 Georgii
274 2691 315 2728 et
345 2701 378 2729 s.
412 2688 575 2731 Mariae
608 2687 909 2740 Magdalenae.

207 2745 270 2788 18.
304 2745 481 2787 Delnize
513 2746 741 2800 (Delnice)‚
775 2746 958 2788 ecclesia
1001 2747 1042 2788 S.
1087 2746 1268 2788 Joannis
1311 2746 1535 2799 Baptistae
1568 2745 1794 2787 Parochus
1828 2749 1869 2786 et

64 2802 301 2856 presbyter.

203 2861 267 2903 19.
293 2860 388 2902 Lic-
391 2861 553 2902 Fusina
588 2860 700 2915 [Lic-
705 2861 901 2916 Fuzina]‚
946 2860 1232 2914 Cappellania
1265 2861 1307 2902 S.
1342 2861 1521 2904 Antonii
1553 2861 1607 2901 dt
1642 2861 1805 2903 Padua.

201 2918 267 2959 20
303 2918 463 2960 Ciabar
499 2918 676 2973 [Gabar]
711 2920 823 2967 villa,
859 2919 995 2960 eccles
1002 2920 1066 2960 iae
1097 2932 1126 2958 s.
1163 2919 1343 2960 Antonii
1377 2919 1431 2960 de
1467 2919 1630 2959 Padua.

202 2975 268 3017 21.
302 2975 478 3018 Gheruo
514 2975 721 3031 [Gerovo]
756 2977 867 3018 villa.
904 2977 1112 3017 Plebania
1145 2976 1189 3018 S.
1222 2977 1520 3029 Hermagorae
1553 2979 1594 3016 et
1627 2975 1874 3016 Fortunati.

198 3031 273 3087 [Ι11
304 3034 499 3087 margine
533 3034 718 3076 codicis:
754 3034 809 3075 ad
842 3033 892 3075 N.
927 3033 1058 3088 7-8]

205 3089 310 3145 [22]
347 3091 530 3144 Belgrad
564 3092 620 3133 ad
651 3092 923 3134 occidentem
960 3092 1222 3132 Dreuenich.

208 3147 320 3203 [23]
354 3148 491 3190 Cotor
525 3149 696 3203 [Kotor]
731 3150 946 3203 plebanus
980 3150 1021 3190 in
1056 3152 1205 3190 monte
1244 3149 1258 3188 1
1297 3149 1397 3189 mill.
1433 3161 1457 3188 a
1491 3148 1610 3188 mari.

206 3204 309 3261 [24].
344 3206 617 3261 Cerqueniza
641 3207 913 3262 [Crkvenica]
939 3207 994 3248 ad
1027 3219 1158 3248 mare.
1185 3207 1260 3247 Est
1294 3206 1474 3247 ecclesia
1498 3206 1544 3245 B.
1572 3204 1617 3245 V.
1652 3205 1868 3260 Assump-
