2191 3434
544 253 1083 302 Glagolito-Romanae
1120 254 1277 289 XVII.
1316 267 1352 290 s.
1783 258 1805 292 5

588 398 627 438 7.
666 397 795 446 1603,
830 397 869 437 4.
901 394 1042 446 Junii,
1077 396 1304 449 Tergestin.

181 501 363 544 Ursinus
395 501 449 543 de
481 501 653 543 Berthis‘
687 501 918 555 episcopus
951 502 1234 555 Tergestinus
1266 502 1309 543 in
1333 502 1545 544 relatione
1578 502 1849 544 Visitationis

45 572 102 614 ad
133 571 305 613 Limina
336 571 652 625 Apostolorum
687 571 729 613 S.
764 570 924 624 Congr.
959 571 1144 613 Concilii
1177 572 1231 613 de
1254 575 1371 614 statu
1404 572 1658 614 dioeceseos
1692 573 1848 614 certio-

44 655 136 684 rem
166 641 368 691 reddens,
401 640 553 682 refert:

186 768 493 820 „Visitationes
515 768 650 809 totius
674 767 891 809 diocoesis
916 769 1149 821 episcopus
1172 769 1265 823 ipse
1287 769 1482 822 perfecit,
1516 771 1594 813 sed
1616 771 1849 826 interupte,

46 840 143 868 cum
176 826 261 868 sibi
295 839 320 868 a
349 826 614 868 Rectoribus
647 825 919 867 Serenissimi
962 825 1154 868 Dominii
1195 827 1349 868 Veneti
1382 828 1438 869 ob
1470 841 1670 872 rumores
1700 831 1849 884 pestis,

45 898 160 939 quae
206 884 250 926 in
290 884 451 926 finibus
494 883 767 933 Sclavoniae‚
812 882 1020 926 Croaciae
1062 888 1104 926 et
1151 884 1383 927 Carniolae
1430 888 1677 940 praeteritis
1724 890 1850 931 annis

45 943 340 996 grassabatur,
371 942 625 984 huiusmodi
657 941 847 984 visitatio
890 955 1037 985 annua
1067 943 1301 985 interdicta
1342 944 1484 986 fuerit.
1526 970 1574 975 —
1608 947 1655 988 In
1691 947 1850 1000 quibus

46 1000 371 1043 visitationibus
406 1001 494 1042 duo
535 1000 774 1053 praecipua
814 1001 1004 1043 maxima
1047 1001 1331 1044 incommoda
1370 1016 1476 1045 suae
1519 1004 1727 1048 ecclesiae
1759 1006 1851 1060 epi-

43 1072 205 1113 scopus
248 1059 446 1114 reperijt:
502 1059 700 1109 alterum,
740 1059 861 1111 quod
906 1059 962 1100 ob
1003 1059 1233 1112 penuriam
1275 1061 1553 1103 sacerdotum
1603 1064 1851 1118 complures

48 1130 100 1158 ex
127 1117 212 1159 ritu
241 1115 415 1167 Illirico,
449 1119 491 1158 et
523 1116 802 1167 Sclabonieo,
845 1117 992 1171 illique
1025 1117 1205 1159 omnino
1243 1118 1375 1160 rudes
1408 1122 1450 1160 et
1481 1120 1619 1173 ignari
1650 1122 1695 1163 in
1727 1122 1850 1165 dioe-

44 1175 176 1217 cesim
204 1174 492 1225 Terestinam,
514 1174 783 1227 praesentim
806 1174 984 1216 ditionis
1002 1175 1208 1225 Venetae,
1232 1176 1470 1219 introducti
1503 1179 1616 1228 sint3
1649 1180 1850 1230 alterum,

44 1233 166 1288 quod
196 1233 388 1287 populus
420 1246 472 1273 ex
504 1246 639 1285 prava
682 1232 875 1285 quadam
918 1246 1070 1275 eorum
1115 1235 1436 1276 consuetudine
1479 1237 1633 1279 solitus
1675 1239 1730 1280 sit
1761 1239 1850 1280 sin-

43 1291 152 1344 gulis
184 1291 310 1333 annis
343 1290 624 1332 ecclesiarum
672 1293 923 1333 curatarum
969 1295 1161 1333 rectores
1204 1293 1316 1334 votis
1358 1293 1471 1335 inter
1502 1308 1548 1337 se
1577 1296 1744 1338 collatis
1773 1311 1850 1339 seu

41 1348 417 1399 ballotationibus,
458 1349 521 1390 uti
568 1351 742 1398 vocant,
789 1348 880 1390 sive
927 1349 981 1391 de
1027 1363 1144 1392 novo
1192 1350 1378 1403 elligere,
1430 1351 1520 1394 sive
1559 1367 1585 1395 a
1625 1355 1849 1398 beneficiis

43 1406 271 1460 expellere,
303 1420 393 1449 non
426 1406 704 1448 obstantibus
737 1407 868 1448 etiam
901 1408 1085 1449 decretis
1116 1407 1399 1451 Illustrissimi
1434 1410 1679 1454 Cardinalis
1714 1412 1849 1456 Vero-

42 1468 204 1517 nensis,
237 1465 311 1519 qui
343 1465 386 1506 in
419 1465 500 1506 illis
531 1464 730 1518 partibus
762 1464 843 1506 fuit
874 1465 1112 1508 visitator.“

178 1589 459 1626 Authenticum
491 1589 531 1624 ‘m
556 1589 727 1625 Archivo
761 1590 797 1625 S.
826 1590 966 1637 Congr.
994 1591 1157 1627 Concilii
1182 1593 1222 1627 in
1247 1592 1454 1629 Tabulario
1494 1594 1702 1640 Vaticano;
1735 1596 1851 1642 juxta

42 1641 270 1684 excerptum
295 1636 563 1672 Crncicianum
589 1637 679 1672 anni
706 1637 804 1671 1892.

545 1826 585 1866 8.
618 1827 750 1876 1603,
785 1828 814 1868 8
846 1825 1113 1880 Septembris,
1147 1825 1344 1872 Sibenici.

178 1929 368 1972 Joannes
403 1929 542 1980 Zoric‚
575 1930 772 1974 Vicarius
804 1932 1028 1974 Generalis
1061 1931 1358 1975 Sibenicensis
1391 1934 1644 1978 citationem
1675 1950 1850 1990 perem-

41 1999 244 2053 ptoriam,
265 2000 590 2042 characteribus
609 2000 865 2054 glagoliticis
887 2015 1021 2043 manu
1045 2001 1303 2044 Cancellarii
1322 2004 1584 2058 episcopalis
1603 2006 1846 2060 decriptam
1915 2019 1918 2021 ’

40 2082 208 2123 suaque
252 2069 574 2123 subscriptione
616 2071 752 2113 latina
790 2083 841 2113 ac
884 2071 1026 2124 sigillo
1072 2072 1311 2126 episcopali
1352 2074 1581 2125 munitam,
1627 2076 1848 2118 mediante

42 2140 230 2194 Georgio
253 2140 521 2194 Despotovic
542 2141 739 2193 parocho
773 2141 910 2183 Villae
933 2142 1127 2197 Murtarij
1155 2145 1197 2184 et
1218 2143 1411 2194 Betinae,
1447 2144 1645 2187 Simeoni
1666 2145 1848 2189 Matesic

43 2210 240 2264 parocho
272 2209 398 2252 villae
431 2209 630 2259 Strictus,
661 2210 846 2252 intimat.

179 2337 236 2379 Mi
283 2337 541 2379 arhiZakanb
577 2337 590 2378 i
631 2337 807 2394 vikarijb
849 2331 1051 2382 Sibenski
1109 2341 1399 2393 zapovidamo
1443 2343 1532 2385 tebi
1574 2344 1687 2386 donb
1726 2343 1848 2400 Jurju

41 2394 338 2449 Despotovicu
370 2395 427 2437 da
455 2408 485 2436 u
516 2395 685 2450 kripost
725 2400 906 2450 svetoga
938 2397 1109 2450 poslula
1140 2398 1273 2441 imasb
1308 2400 1576 2453 pripovidati
1610 2403 1737 2444 domb
1775 2403 1844 2445 Si-

41 2466 178 2494 munu
222 2453 432 2494 Matesicu
465 2454 522 2496 da
560 2468 590 2496 u
631 2455 813 2497 terminb
849 2456 1001 2497 devetb
1039 2456 1149 2497 danb
1187 2457 1274 2500 ima
1305 2459 1413 2500 doiti
1445 2460 1542 2512 prid
1572 2462 1677 2502 sudb
1703 2463 1843 2503 nasbi

43 2511 158 2552 onde
178 2511 382 2564 pokazati
406 2514 526 2553 zasto
544 2526 598 2554 ne
617 2512 736 2553 darZi
758 2527 808 2555 su
831 2514 888 2556 da
913 2513 958 2568 je
980 2514 1107 2567 upalb
1134 2529 1161 2557 u
1185 2517 1425 2570 neposluhb
1451 2524 1613 2571 nasega
1635 2519 1844 2563 mandata

41 2569 113 2610 koi
145 2581 219 2611 mu
250 2568 295 2610 bi
325 2569 611 2622 pripovidanb
636 2583 694 2611 na
723 2571 957 2614 dvadesetb
985 2572 996 2612 i
1028 2573 1189 2615 sedanb
1215 2577 1398 2628 avgusta
1419 2589 1447 2616 u
1480 2576 1523 2618 ki
1555 2578 1737 2619 terminb
1763 2580 1846 2621 ako

41 2627 252 2680 nevpride
284 2627 297 2667 i
328 2639 383 2668 ne
414 2628 542 2670 skaze
573 2629 685 2670 kako
713 2629 758 2683 je
788 2635 947 2672 receno
980 2631 1162 2673 sudomb
1199 2634 1364 2674 nasimb
1391 2634 1584 2675 odsuditi
1618 2638 1742 2677 c'emo
1776 2650 1846 2678 su-

41 2684 215 2736 protiva
244 2685 393 2739 njemu
423 2686 536 2728 kako
567 2699 647 2728 nas
678 2688 847 2739 pravda
878 2688 890 2728 i
922 2689 1103 2730 razborb
1128 2690 1247 2732 bude
1293 2691 1442 2734 svistia
1472 2697 1619 2745 premb
1645 2695 1728 2735 ako
1767 2703 1848 2738 onb

43 2741 56 2782 i
86 2754 142 2784 ne
173 2741 305 2784 doide
336 2755 394 2784 na
425 2743 548 2785 deset
575 2744 738 2787 miseca
768 2746 998 2788 setembra.

180 2833 372 2877 Joannes
403 2836 602 2890 Baptista
632 2837 982 2880 Archidiaconus
1017 2840 1212 2882 Vicarius

457 2940 528 2994 (L.
562 2940 629 2996 S.)
828 2943 1020 2985 kancelir
1050 2945 1159 2997 pisa.

181 3062 394 3098 Archivum
429 3065 567 3100 Curiae
602 3067 833 3112 episcopalis
869 3068 1127 3103 Sibenicensis·
1157 3069 1235 3103 Vol>
1263 3071 1316 3105 51,
1353 3072 1449 3104 ⁴Xcta
1485 3072 1653 3116 (episcopi
1687 3072 1845 3105 Vicentii

44 3105 239 3153 Arigonis,
273 3109 499 3145 1601—1605
533 3111 557 3146 f.
596 3113 673 3154 ⁴206,
708 3113 772 3147 ubi
808 3114 992 3149 inseritur
1018 3115 1302 3158 authenticum;
1341 3128 1384 3150 ac
1411 3117 1432 3149 1'.
1463 3119 1527 3150 125
1553 3117 1615 3150 ubi
1645 3124 1735 3151 sunt
1762 3125 1847 3151 acta

46 3162 261 3198 processus.
