2243 3444
365 118 409 151 44
1049 112 1238 149 Fontes
1276 110 1518 157 liturgiae

365 263 569 303 dissimae
603 262 900 303 Dominationi
935 259 1050 301 Suae
1084 259 1458 300 Communitatem
1492 259 1534 297 in
1566 258 1714 307 aliquo
1748 272 1925 309 errasse,
1956 260 2068 300 sicut
2108 261 2185 312 ips'
2240 268 2243 270 ’

364 335 452 362 non
485 322 681 371 intendit,
712 322 793 373 ipsi
827 319 1139 361 Communitati
1172 330 1348 370 parcere
1383 318 1602 370 dignetur;
1635 320 1736 370 quia
1767 319 1872 359 dicti
1907 320 2185 369 erroris,talis

364 382 501 434 qualis
534 383 598 428 sit,
630 382 753 421 venia
795 387 837 419 et
879 380 1076 419 remissio
1122 378 1339 417 humiliter
1384 377 1635 428 postulatur.
1678 378 1725 417 In
1758 379 2019 429 superdictis
2050 375 2243 419 litteris-'⁵'

363 441 628 480 declaratum
665 447 741 488 est,
773 438 896 491 quod
930 439 1160 478 consilium
1206 444 1248 476 et
1289 448 1387 488 pars
1421 444 1546 487 capta
1579 436 1666 476 diei
1703 438 1755 478 13
1787 436 1902 492 Maij,
1935 450 2022 490 qua
2056 436 2243 479 dietum-¹

363 500 770 540 Reuerendissimus
803 498 1053 549 Episcopus
1087 496 1272 536 intendit
1294 502 1627 535 contrauentum
1662 495 1797 536 fuisse
1829 497 2013 537 libertati
2047 497 2181 538 Eccle
2205 499 2243 535 .''÷:

364 561 576 608 siasticae,
608 572 686 611 pro
721 558 839 597 nullo
864 558 1111 609 nulliusque
1146 556 1301 595 valoris
1322 555 1482 603 haberi,
1503 562 1545 594 et
1567 555 1728 595 multae
1753 556 1861 596 aliae
1881 556 2186 597 satisfactione·
2242 581 2243 586 =

361 619 615 659 christianae
649 618 774 657 datae
807 625 918 666 sunt,
952 624 997 656 ut
1039 629 1096 655 ex
1142 616 1246 667 ipsis
1290 614 1473 662 uidetur,
1505 627 1617 666 quae
1661 621 1756 655 toto
1802 616 1986 656 consilio
2031 616 2214 658 ibiderrl

359 679 498 718 lectae
530 678 714 726 fuerunt,
746 677 917 728 illisque
950 688 1038 715 non
1072 675 1346 714 obstantibus
1380 673 1522 713 dictus
1564 673 1974 715 Reuerendissimus
2014 675 2233 731 Episco·<·„

359 751 441 789 pus
474 737 631 777 stando
665 738 706 776 in
740 736 901 775 eodem
935 736 1027 775 eius
1061 735 1302 786 proposito,
1353 734 1526 784 scripsit
1559 733 1720 773 litteras
1765 733 2025 774 Reverendo
2071 732 2241 787 Capi-5²

358 797 461 845 tulo,
495 804 540 836 ut
572 797 714 836 statim
747 795 827 834 illis
860 795 1053 846 acceptis
1086 796 1167 833 sub
1201 793 1674 832 excommunicationis
1707 805 1858 845 paena,
1890 800 1934 834 et
1966 794 2058 834 aliis
2098 803 2242 844 cerr-..w

358 858 466 896 suris
501 857 705 909 grauibus
739 855 966 905 incipiatur
998 852 1189 893 officiare
1223 855 1265 891 in
1299 852 1417 891 dicta
1449 851 1647 891 Ecclesia
1679 852 1808 892 latina
1839 853 1986 907 lingua
2040 847 2242 902 donee':'“''

358 923 399 955 et
432 927 664 967 quousque
696 915 802 953 haec
836 912 1139 954 Communitas
1172 911 1350 964 publico
1385 912 1567 951 consilio
1609 918 1810 952 retractet
1844 912 2006 952 dictam
2027 914 2185 965 parten}
2229 951 2240 971 .;

358 982 528 1026 captam
563 976 604 1013 in
638 973 820 1013 consilio
859 974 909 1012 13
944 971 1056 1024 Maij‚
1089 972 1289 1024 illiusque
1322 970 1734 1011 Reuerendissimae
1759 970 2061 1013 Dominationi
2082 969 2240 1019 511ΪῖΙΝ

355 1035 665 1074 transmittatur
697 1034 913 1072 autentica
947 1033 1091 1083 copia3
1125 1038 1167 1070 et
1213 1033 1296 1070 iam
1330 1030 1414 1069 hoc
1451 1043 1577 1070 mane
1611 1030 1659 1071 R,
1694 1030 1745 1071 D.
1779 1029 2045 1072 Sacerdotes
2093 1018 2241 1101 pragqu

355 1095 510 1133 timore
544 1093 757 1132 dictarum
793 1092 1138 1131 cominationum
1171 1091 1301 1130 latine
1335 1089 1528 1129 officiare
1562 1097 1818 1142 coeperunt,
1851 1097 1897 1130 ut
1930 1091 1991 1131 eis
2013 1083 2240 1147 mandvssf

355 1160 433 1193 tur.
496 1152 665 1203 Quibus
698 1151 922 1199 consultis,
955 1158 996 1190 et
1028 1150 1260 1203 diligenter
1292 1149 1580 1189 consideratis
1614 1149 1692 1190 fuit
1725 1162 1803 1202 per
1839 1150 2005 1190 balotas
2038 1150 2096 1192 29
2134 1129 2243 1197 θ”ἷά

356 1213 585 1260 uorabiles,
617 1211 944 1251 contrafuerunt
975 1210 1016 1257 2,
1048 1210 1320 1257 conclusum,
1355 1209 1476 1262 quod
1511 1210 1806 1249 transmitatur
1824 1209 1976 1250 Polam
1997 1203 2050 1250 D.
2083 1210 2154 1251 Ma
2177 1202 2243 1276 ,1ιῃί

353 1271 478 1311 theus
512 1270 705 1325 Segotta,
755 1283 856 1310 cum
890 1270 937 1309 R.
970 1270 1231 1320 Presbytero
1266 1268 1478 1308 Michaele
1511 1267 1712 1309 Condich
1746 1281 1846 1309 eum
1879 1269 2030 1310 litteris
2062 1268 2126 1311 Co
2165 1263 2243 1323 ,fs-S]

354 1332 585 1379 munitatis,
636 1331 709 1383 qui
760 1328 943 1382 Segotta
994 1330 1277 1381 praesentatis
1328 1328 1478 1367 litteris
1529 1326 1866 1368 Communitatis
1916 1330 2108 1378 nomine,
2158 1291 2205 1384 ÷¹
2225 1320 2242 1348 ³0

352 1392 484 1430 totius
517 1390 642 1429 huius
676 1389 840 1442 populi,
873 1395 1077 1429 oretenus
1112 1395 1319 1440 exponat,
1352 1400 1440 1440 quo
1463 1387 1630 1437 dolore,
1651 1394 1693 1428 et
1713 1389 2040 1440 perturbatione
2060 1388 2146 1429 effe
2176 1382 2243 1411 ΓΗ(

351 1457 421 1490 tus
453 1457 518 1489 est
539 1449 728 1501 populus
751 1461 830 1500 pro
851 1449 932 1488 hac
953 1449 1143 1488 novitate
1165 1447 1370 1487 oficiandi
1392 1447 1532 1495 latine,
1566 1460 1624 1487 ex
1646 1460 1735 1500 quo
1757 1448 1903 1499 potius
1923 1448 2132 1488 scandalu
2165 1458 2178 1490 ’ς
2206 1443 2243 1464 '³

352 1522 483 1561 quam
518 1511 683 1561 optima
715 1509 866 1561 religio
900 1509 943 1547 in
976 1508 1144 1560 populo
1178 1506 1363 1546 efficitur
1395 1514 1608 1559 rogetque
1630 1509 1863 1547 summisse
1883 1508 2028 1560 ipsum
2050 1507 2189 1583 1
2207 1502 2243 1534 ⁸³

349 1569 656 1608 rendissimum
690 1568 742 1608 D.
775 1567 1061 1620 Episcopum,
1105 1575 1151 1607 ut
1185 1568 1268 1606 iarn
1302 1566 1495 1613 tandem,
1527 1573 1629 1618 post
1672 1574 1737 1606 tot
1768 1568 1987 1620 tantisque
2034 1562 2243 1608 nostr*

350 1628 586 1668 humilibus
618 1628 1005 1667 intercessionibus
1038 1627 1243 1680 dignetur
1292 1625 1419 1666 huius
1471 1624 1665 1666 Ciuitatis
1718 1633 1823 1666 uoto
1875 1634 1917 1666 et
1968 1621 2184 1674 desideri
2202 1627 2208 1641 ¹'
2223 1620 2240 1648 ²⁰

349 1700 552 1737 annuere,
584 1687 854 1727 restituendo
888 1688 926 1726 ei
960 1686 1246 1726 officiaturam
1272 1687 1313 1724 in
1346 1685 1492 1738 lingua
1526 1686 1689 1736 illyrica
1724 1693 1931 1735 materna,
1964 1699 2018 1726 eo
2052 1699 2207 1740 magi·

348 1747 469 1799 quod
504 1747 711 1787 mandato
743 1746 1153 1786 Reuerendissimae
1198 1744 1520 1785 Dominationis
1560 1743 1676 1786 Suae
1720 1745 1805 1785 hoc
1851 1758 1980 1786 mane
2013 1752 2144 1799 ceptu
2172 1746 2242 1797 ³²5*

349 1813 413 1846 est
446 1805 636 1846 officiare
669 1806 810 1855 latine,
843 1818 924 1845 nec
957 1819 980 1845 a
1013 1804 1340 1846 Communitate
1374 1806 1609 1857 quicquam
1633 1806 1885 1845 innovatum
1908 1807 1951 1844 in
1972 1803 2144 1846 offensa
2165 1787 2243 1865 23¹¹OE

347 1865 584 1914 Ecclesiae,
617 1876 662 1905 ut
695 1866 877 1905 fortasse
909 1866 1154 1917 suspicatur
1197 1864 1317 1904 fieret
1362 1865 1404 1903 in
1439 1865 1751 1904 executionem
1785 1865 1954 1905 consilii
1990 1866 2043 1905 13
2075 1852 2238 1919 Mil*

348 1925 469 1977 quod
503 1932 548 1965 ut
580 1926 663 1965 iarn
697 1924 987 1978 significatum
1023 1925 1101 1964 fuit
1140 1923 1551 1964 Reuerendissimae
1602 1923 1903 1964 Dominationi
1948 1923 2064 1964 Suae
2109 1937 2137 1977 p
2160 1921 2188 1978 1
2221 1921 2243 1946 Ἳ

347 1984 465 2024 nullo
499 1984 692 2033 habetur,
727 1985 805 2024 sed
839 1986 872 2024 si
907 1986 1000 2036 ipse
1032 1983 1443 2024 Reuerendissimus
1484 1982 1703 2023 Dominus
1735 1983 1986 2035 Episcopus
2019 1997 2142 2036 popu
2181 1984 2243 2044 lm

347 2045 388 2082 in
421 2044 505 2084 hoc
539 2043 777 2097 gratificare
811 2044 1059 2098 dignabitur
1091 2057 1148 2083 ex
1181 2044 1316 2095 ipsius
1350 2055 1468 2082 mera
1490 2044 1635 2095 gratia,
1667 2049 1710 2082 et
1742 2042 1967 2083 Ecclesiae
1988 2041 2236 2101 liberta-3¹¹*

347 2111 651 2156 consequetur.
685 2102 824 2144 Simili
858 2103 995 2143 modo
1029 2104 1172 2142 dictus
1221 2102 1455 2153 Presbyter
1486 2102 1671 2142 Michael
1705 2104 1885 2143 nomine
1934 2103 2167 2146 Reuerent:
2210 2128 2212 2133 ·
2231 2101 2243 2126 1⁵

346 2161 531 2214 Capituli
564 2163 701 2212 faciat,
751 2171 879 2214 prout
913 2164 1055 2203 uocati
1089 2164 1131 2201 in
1164 2163 1380 2214 praesenti
1414 2163 1598 2201 consilio
1631 2162 1719 2202 RR.
1758 2161 1810 2202 D.
1831 2161 2129 2203 Archidiacon
2156 2180 2172 2204 -;

347 2229 389 2261 et
421 2223 578 2262 caeteri
619 2222 870 2262 sacerdotes
922 2223 1041 2262 dicto
1092 2222 1353 2273 Presbytero
1404 2221 1604 2261 Michaeli
1657 2221 1940 2262 mandaturos
1990 2234 2177 2274 spopons
2203 2226 2206 2232 '
2231 2229 2243 2250 -1

346 2281 513 2330 derunt,
546 2288 591 2321 ut
623 2288 741 2322 tanto
777 2283 914 2335 magis
947 2280 1106 2323 Civitas
1138 2281 1222 2321 tale
1263 2280 1530 2320 desiderium
1554 2287 1861 2333 consequatur,
1893 2287 1936 2321 et
1955 2288 2151 2333 postrem
2189 2274 2191 2280 ⁴

345 2342 425 2381 nisi
457 2342 549 2393 ipse
582 2341 988 2381 Reverendissimus
1021 2340 1238 2381 Dominus
1273 2340 1521 2392 Episcopus
1554 2341 1796 2380 contentari
1829 2341 2027 2390 uoluerit,
2058 2341 2134 2381 det

346 2400 463 2440 dicto
499 2399 682 2452 Segotte
715 2402 757 2440 in
789 2402 960 2452 scriptis
993 2402 1249 2452 protestatio
1293 2399 1553 2451 praestanda
1587 2400 1997 2440 Reverendissimae
2029 2399 2151 2440 Dom

343 2461 505 2499 nationi
538 2458 652 2500 Suae
685 2460 741 2500 de
774 2461 893 2500 omni
926 2460 1147 2509 scandalo,
1180 2467 1222 2499 et
1244 2472 1398 2508 errore,
1421 2459 1542 2512 quod
1569 2459 1650 2499 hac
1673 2459 1730 2499 de
1751 2472 1881 2499 causa
1903 2460 2002 2499 oriri
2021 2472 2152 2511 poss

344 2531 443 2558 nam
477 2520 538 2558 sic
560 2519 750 2571 populus
784 2521 872 2559 uim
896 2521 1065 2571 patitur,
1087 2526 1129 2559 et
1160 2532 1249 2559 non
1282 2519 1383 2558 licet
1404 2518 1468 2558 his
1489 2520 1756 2559 nouitatibus
1777 2525 1929 2559 contra
1953 2519 2151 2572 antiquu

343 2584 385 2617 et
416 2579 471 2618 ab
503 2578 699 2618 Ecclesia
732 2579 1011 2627 laudabilem,
1044 2587 1086 2619 et
1119 2590 1382 2619 concessum
1417 2591 1586 2618 morem
1638 2579 1713 2627 ire,
1757 2585 1799 2618 et
1849 2577 2107 2636 religionem

342 2638 509 2689 populo
542 2639 748 2677 amoueri.

483 2719 685 2752 Archivum
712 2719 944 2753 Historicum
971 2719 1260 2754 Communitatis
1287 2719 1468 2754 Fluminis
1494 2719 1530 2752 in
1558 2719 1699 2753 Palatio
1726 2717 1953 2762 Municipali.
1979 2718 2068 2753 Mss.
2089 2714 2146 2753 Pr'

342 2765 523 2799 tocollum
552 2766 772 2809 Capitanale
792 2767 831 2800 B.
859 2769 1104 2808 1593-1607,
1132 2767 1155 2801 f.
1183 2772 1225 2801 11
1253 2778 1281 2802 S.

2178 2633 2182 2646 ³
2202 2621 2243 2663 l'ort

2202 2707 2241 2735 ι·-

2188 2907 2189 2910 „
2177 2798 2189 2874 -a--A
2178 2651 2188 2796 —.-a⁷v-.

2204 2934 2213 2943 Ρ
2212 2780 2216 2783 «

2203 2830 2235 2876 Hac

728 2925 829 2964 166.
862 2935 982 2976 1593,
1014 2936 1068 2976 [ρ
1103 2922 1374 2977 Septembris,
1403 2922 1605 2965 Flumine
1637 2921 1778 2963 Pelen.
2241 2912 2243 2920 ¹

481 3015 777 3057 Ordinariatus
810 3018 1017 3069 Polensis,
1049 3020 1104 3059 ad
1137 3021 1359 3060 instantias
1392 3018 1654 3060 Communis
1685 3018 1896 3058 Fluminis
1917 3031 1997 3070 pro
2019 3029 2120 3070 raep
2143 3015 2146 3020 ’
