<?xml version="1.0" encoding="UTF-8"?>
<!DOCTYPE html PUBLIC "-//W3C//DTD XHTML 1.0 Transitional//EN"
    "http://www.w3.org/TR/xhtml1/DTD/xhtml1-transitional.dtd">
<html xmlns="http://www.w3.org/1999/xhtml" xml:lang="en" lang="en">
 <head>
  <title>
</title>
<meta http-equiv="Content-Type" content="text/html;charset=utf-8" />
  <meta name='ocr-system' content='tesseract 3.04.00' />
  <meta name='ocr-capabilities' content='ocr_page ocr_carea ocr_par ocr_line ocrx_word'/>
</head>
<body>
  <div class='ocr_page' id='page_1' title='image "./fonteshistoricil00jeliuoft_0251.png"; bbox 0 0 2191 3434; ppageno 0'>
   <div class='ocr_carea' id='block_1_1' title="bbox 525 290 1800 338">
    <p class='ocr_par' dir='ltr' id='par_1_1' title="bbox 525 290 1800 338">
     <span class='ocr_line' id='line_1_1' title="bbox 525 290 1800 338; baseline 0.001 -13"><span class='ocrx_word' id='word_1_1' title='bbox 525 290 1061 338; x_wconf 77' lang='lat' dir='ltr'><strong>Glagolito-Romanae</strong></span> <span class='ocrx_word' id='word_1_2' title='bbox 1110 290 1297 326; x_wconf 79' lang='lat' dir='ltr'><strong>XVIII.</strong></span> <span class='ocrx_word' id='word_1_3' title='bbox 1349 303 1385 327; x_wconf 87' lang='lat' dir='ltr'><strong>s.</strong></span> <span class='ocrx_word' id='word_1_4' title='bbox 1780 297 1800 330; x_wconf 77' lang='grc'>7</span> 
     </span>
    </p>
   </div>
   <div class='ocr_carea' id='block_1_2' title="bbox 506 427 1395 482">
    <p class='ocr_par' dir='ltr' id='par_1_2' title="bbox 506 427 1395 482">
     <span class='ocr_line' id='line_1_2' title="bbox 506 427 1395 482; baseline 0.003 -13"><span class='ocrx_word' id='word_1_5' title='bbox 506 431 574 470; x_wconf 89' lang='grc'><strong>16.</strong></span> <span class='ocrx_word' id='word_1_6' title='bbox 607 432 733 477; x_wconf 84' lang='grc'><em>1710,</em></span> <span class='ocrx_word' id='word_1_7' title='bbox 767 431 794 470; x_wconf 80' lang='grc'><strong>,4.</strong></span> <span class='ocrx_word' id='word_1_8' title='bbox 826 428 1086 476; x_wconf 74' lang='lat' dir='ltr'><strong>Novembris,</strong></span> <span class='ocrx_word' id='word_1_9' title='bbox 1117 427 1395 482; x_wconf 69' lang='lat' dir='ltr'><strong>Justinopolz‘.</strong></span> 
     </span>
    </p>
   </div>
   <div class='ocr_carea' id='block_1_3' title="bbox 41 520 1848 989">
    <p class='ocr_par' dir='ltr' id='par_1_3' title="bbox 41 520 1848 989">
     <span class='ocr_line' id='line_1_3' title="bbox 182 520 1843 575; baseline 0.002 -13"><span class='ocrx_word' id='word_1_10' title='bbox 182 522 522 562; x_wconf 69' lang='lat' dir='ltr'><strong>lustramentum</strong></span> <span class='ocrx_word' id='word_1_11' title='bbox 553 521 853 562; x_wconf 87' lang='lat' dir='ltr'><strong>fundationale</strong></span> <span class='ocrx_word' id='word_1_12' title='bbox 886 520 1117 561; x_wconf 88' lang='lat' dir='ltr'><strong>Seminarii</strong></span> <span class='ocrx_word' id='word_1_13' title='bbox 1141 520 1412 567; x_wconf 87' lang='lat' dir='ltr'><strong>Dioecesaui‚</strong></span> <span class='ocrx_word' id='word_1_14' title='bbox 1437 523 1557 575; x_wconf 85' lang='lat' dir='ltr'><strong>quod</strong></span> <span class='ocrx_word' id='word_1_15' title='bbox 1586 536 1611 563; x_wconf 92' lang='lat' dir='ltr'><strong>a</strong></span> <span class='ocrx_word' id='word_1_16' title='bbox 1643 537 1723 565; x_wconf 82' lang='lat' dir='ltr'><strong>suo</strong></span> <span class='ocrx_word' id='word_1_17' title='bbox 1747 525 1843 565; x_wconf 75' lang='lat' dir='ltr'><strong>fun-</strong></span> 
     </span>
     <span class='ocr_line' id='line_1_4' title="bbox 43 588 1848 644; baseline 0.001 -12"><span class='ocrx_word' id='word_1_18' title='bbox 43 591 196 632; x_wconf 80' lang='lat' dir='ltr'>datore</span> <span class='ocrx_word' id='word_1_19' title='bbox 226 590 434 643; x_wconf 91' lang='lat' dir='ltr'><strong>episcopo</strong></span> <span class='ocrx_word' id='word_1_20' title='bbox 469 590 533 630; x_wconf 82' lang='lat' dir='ltr'><strong>Fr.</strong></span> <span class='ocrx_word' id='word_1_21' title='bbox 568 590 705 631; x_wconf 84' lang='lat' dir='ltr'><strong>Paulo</strong></span> <span class='ocrx_word' id='word_1_22' title='bbox 739 589 911 631; x_wconf 88' lang='lat' dir='ltr'><strong>Naldini</strong></span> <span class='ocrx_word' id='word_1_23' title='bbox 962 588 1066 644; x_wconf 82' lang='lat' dir='ltr'><strong>[Cfr.</strong></span> <span class='ocrx_word' id='word_1_24' title='bbox 1099 589 1149 629; x_wconf 69' lang='lat' dir='ltr'><strong>N.</strong></span> <span class='ocrx_word' id='word_1_25' title='bbox 1185 589 1253 643; x_wconf 70' lang='lat'><strong>15]</strong></span> <span class='ocrx_word' id='word_1_26' title='bbox 1305 590 1666 639; x_wconf 76' lang='lat' dir='ltr'><strong>„Italo—Sclavum</strong></span> <span class='ocrx_word' id='word_1_27' title='bbox 1701 593 1848 634; x_wconf 81' lang='lat' dir='ltr'><strong>Naldi—</strong></span> 
     </span>
     <span class='ocr_line' id='line_1_5' title="bbox 43 659 1846 712; baseline 0.002 -12"><span class='ocrx_word' id='word_1_28' title='bbox 43 660 248 701; x_wconf 80' lang='lat' dir='ltr'><strong>nianum“</strong></span> <span class='ocrx_word' id='word_1_29' title='bbox 285 659 552 712; x_wconf 87' lang='lat' dir='ltr'><strong>appellatum</strong></span> <span class='ocrx_word' id='word_1_30' title='bbox 587 662 662 708; x_wconf 72' lang='lat' dir='ltr'><strong>est,</strong></span> <span class='ocrx_word' id='word_1_31' title='bbox 687 659 945 700; x_wconf 82' lang='lat' dir='ltr'>determinat</span> <span class='ocrx_word' id='word_1_32' title='bbox 970 661 1180 711; x_wconf 83' lang='lat' dir='ltr'><strong>quattuor</strong></span> <span class='ocrx_word' id='word_1_33' title='bbox 1203 659 1427 700; x_wconf 83' lang='lat' dir='ltr'><strong>alumnata</strong></span> <span class='ocrx_word' id='word_1_34' title='bbox 1448 673 1529 712; x_wconf 77' lang='lat' dir='ltr'><strong>pro</strong></span> <span class='ocrx_word' id='word_1_35' title='bbox 1570 663 1846 703; x_wconf 76' lang='lat' dir='ltr'>curatoribus</span> 
     </span>
     <span class='ocr_line' id='line_1_6' title="bbox 43 728 1846 781; baseline 0.002 -11"><span class='ocrx_word' id='word_1_36' title='bbox 43 729 287 770; x_wconf 83' lang='lat' dir='ltr'><strong>animarum</strong></span> <span class='ocrx_word' id='word_1_37' title='bbox 330 728 442 769; x_wconf 85' lang='lat' dir='ltr'><strong>inter</strong></span> <span class='ocrx_word' id='word_1_38' title='bbox 474 728 650 770; x_wconf 83' lang='lat' dir='ltr'><strong>Slavos:</strong></span> <span class='ocrx_word' id='word_1_39' title='bbox 693 741 934 781; x_wconf 79' lang='lat' dir='ltr'><strong>eorumque</strong></span> <span class='ocrx_word' id='word_1_40' title='bbox 976 728 1336 781; x_wconf 78' lang='lat' dir='ltr'><strong>provenientiam,</strong></span> <span class='ocrx_word' id='word_1_41' title='bbox 1382 730 1643 771; x_wconf 86' lang='lat' dir='ltr'><strong>curriculum</strong></span> <span class='ocrx_word' id='word_1_42' title='bbox 1678 733 1846 773; x_wconf 89' lang='lat' dir='ltr'><strong>studio-</strong></span> 
     </span>
     <span class='ocr_line' id='line_1_7' title="bbox 43 798 1846 850; baseline 0.002 -11"><span class='ocrx_word' id='word_1_43' title='bbox 43 811 137 839; x_wconf 88' lang='lat' dir='ltr'><strong>rum</strong></span> <span class='ocrx_word' id='word_1_44' title='bbox 176 798 231 839; x_wconf 85' lang='lat' dir='ltr'><strong>ab</strong></span> <span class='ocrx_word' id='word_1_45' title='bbox 277 798 381 850; x_wconf 88' lang='lat' dir='ltr'><strong>ipsis</strong></span> <span class='ocrx_word' id='word_1_46' title='bbox 427 798 789 850; x_wconf 76' lang='lat' dir='ltr'><strong>persolvendum:</strong></span> <span class='ocrx_word' id='word_1_47' title='bbox 843 798 992 847; x_wconf 82' lang='lat' dir='ltr'><strong>„Unde</strong></span> <span class='ocrx_word' id='word_1_48' title='bbox 1047 798 1311 850; x_wconf 82' lang='lat' dir='ltr'><strong>geminatam</strong></span> <span class='ocrx_word' id='word_1_49' title='bbox 1345 799 1582 840; x_wconf 83' lang='lat' dir='ltr'><strong>sortientur</strong></span> <span class='ocrx_word' id='word_1_50' title='bbox 1626 801 1846 843; x_wconf 86' lang='lat' dir='ltr'><strong>scholam:</strong></span> 
     </span>
     <span class='ocr_line' id='line_1_8' title="bbox 42 867 1844 923; baseline 0.002 -15"><span class='ocrx_word' id='word_1_51' title='bbox 42 881 172 908; x_wconf 90' lang='lat' dir='ltr'><strong>unam</strong></span> <span class='ocrx_word' id='word_1_52' title='bbox 206 868 249 908; x_wconf 92' lang='lat' dir='ltr'><strong>in</strong></span> <span class='ocrx_word' id='word_1_53' title='bbox 295 867 491 919; x_wconf 79' lang='lat' dir='ltr'><strong>collegio.</strong></span> <span class='ocrx_word' id='word_1_54' title='bbox 534 868 712 908; x_wconf 83' lang='lat' dir='ltr'><strong>alteram</strong></span> <span class='ocrx_word' id='word_1_55' title='bbox 755 868 795 907; x_wconf 89' lang='lat' dir='ltr'><strong>in</strong></span> <span class='ocrx_word' id='word_1_56' title='bbox 829 867 1077 913; x_wconf 86' lang='lat' dir='ltr'><strong>seminario,</strong></span> <span class='ocrx_word' id='word_1_57' title='bbox 1119 867 1190 907; x_wconf 87' lang='lat' dir='ltr'><strong>ubi</strong></span> <span class='ocrx_word' id='word_1_58' title='bbox 1225 868 1455 909; x_wconf 73' lang='lat' dir='ltr'>addiscent</span> <span class='ocrx_word' id='word_1_59' title='bbox 1488 870 1616 910; x_wconf 88' lang='lat' dir='ltr'><strong>etiam</strong></span> <span class='ocrx_word' id='word_1_60' title='bbox 1653 871 1844 923; x_wconf 78' lang='lat' dir='ltr'><strong>linguam</strong></span> 
     </span>
     <span class='ocr_line' id='line_1_9' title="bbox 41 936 1845 989; baseline 0.002 -12"><span class='ocrx_word' id='word_1_61' title='bbox 41 937 243 980; x_wconf 84' lang='lat' dir='ltr'><strong>sclavam,</strong></span> <span class='ocrx_word' id='word_1_62' title='bbox 259 939 306 977; x_wconf 89' lang='lat' dir='ltr'><strong>ut</strong></span> <span class='ocrx_word' id='word_1_63' title='bbox 323 950 403 977; x_wconf 88' lang='lat' dir='ltr'><strong>suo</strong></span> <span class='ocrx_word' id='word_1_64' title='bbox 423 940 620 989; x_wconf 83' lang='lat' dir='ltr'><strong>tempore</strong></span> <span class='ocrx_word' id='word_1_65' title='bbox 638 936 869 978; x_wconf 78' lang='lat' dir='ltr'><strong>animabus</strong></span> <span class='ocrx_word' id='word_1_66' title='bbox 894 937 1085 989; x_wconf 80' lang='lat' dir='ltr'><strong>plebium</strong></span> <span class='ocrx_word' id='word_1_67' title='bbox 1104 937 1340 977; x_wconf 84' lang='lat' dir='ltr'><strong>forensium</strong></span> <span class='ocrx_word' id='word_1_68' title='bbox 1360 951 1612 979; x_wconf 68' lang='lat' dir='ltr'><strong>succurrere</strong></span> <span class='ocrx_word' id='word_1_69' title='bbox 1633 940 1845 981; x_wconf 44' lang='lat' dir='ltr'><strong>valeant&amp;</strong></span> 
     </span>
    </p>
   </div>
   <div class='ocr_carea' id='block_1_4' title="bbox 39 1038 1844 1128">
    <p class='ocr_par' dir='ltr' id='par_1_4' title="bbox 39 1038 1844 1128">
     <span class='ocr_line' id='line_1_10' title="bbox 176 1038 1844 1088; baseline 0.003 -16"><span class='ocrx_word' id='word_1_70' title='bbox 176 1038 389 1073; x_wconf 70' lang='lat' dir='ltr'><strong>Archivum</strong></span> <span class='ocrx_word' id='word_1_71' title='bbox 415 1039 633 1085; x_wconf 77' lang='lat' dir='ltr'><strong>episcopale</strong></span> <span class='ocrx_word' id='word_1_72' title='bbox 659 1038 1056 1084; x_wconf 74' lang='lat' dir='ltr'><strong>Justinopolitanum:</strong></span> <span class='ocrx_word' id='word_1_73' title='bbox 1089 1039 1202 1073; x_wconf 85' lang='lat' dir='ltr'><strong>Curia</strong></span> <span class='ocrx_word' id='word_1_74' title='bbox 1221 1039 1452 1085; x_wconf 85' lang='lat' dir='ltr'><strong>episcopalis</strong></span> <span class='ocrx_word' id='word_1_75' title='bbox 1477 1041 1589 1087; x_wconf 78' lang='lat' dir='ltr'><strong>Terg.</strong></span> <span class='ocrx_word' id='word_1_76' title='bbox 1616 1042 1844 1088; x_wconf 80' lang='lat' dir='ltr'><strong>Justinopo-</strong></span> 
     </span>
     <span class='ocr_line' id='line_1_11' title="bbox 39 1085 524 1128; baseline -0.002 -9"><span class='ocrx_word' id='word_1_77' title='bbox 39 1086 170 1128; x_wconf 65' lang='lat' dir='ltr'><strong>lstana,</strong></span> <span class='ocrx_word' id='word_1_78' title='bbox 196 1097 227 1120; x_wconf 85' lang='lat' dir='ltr'><strong>a.</strong></span> <span class='ocrx_word' id='word_1_79' title='bbox 256 1085 356 1127; x_wconf 79' lang='lat'>1867,</span> <span class='ocrx_word' id='word_1_80' title='bbox 383 1086 446 1118; x_wconf 74' lang='lat'><strong>157</strong></span> <span class='ocrx_word' id='word_1_81' title='bbox 475 1097 524 1119; x_wconf 81' lang='lat' dir='ltr'><strong>ss.</strong></span> 
     </span>
    </p>
   </div>
   <div class='ocr_carea' id='block_1_5' title="bbox 691 1180 1187 1229">
    <p class='ocr_par' dir='ltr' id='par_1_5' title="bbox 691 1180 1187 1229">
     <span class='ocr_line' id='line_1_12' title="bbox 691 1180 1187 1229; baseline 0 -9"><span class='ocrx_word' id='word_1_82' title='bbox 691 1183 758 1220; x_wconf 84' lang='lat'><strong>17.</strong></span> <span class='ocrx_word' id='word_1_83' title='bbox 791 1183 916 1229; x_wconf 80' lang='lat'><strong><em>1710,</em></strong></span> <span class='ocrx_word' id='word_1_84' title='bbox 951 1180 1187 1221; x_wconf 65' lang='lat' dir='ltr'><strong>Acmon-iera.</strong></span> 
     </span>
    </p>
   </div>
   <div class='ocr_carea' id='block_1_6' title="bbox 40 1261 1840 1373">
    <p class='ocr_par' dir='ltr' id='par_1_6' title="bbox 40 1261 1840 1373">
     <span class='ocr_line' id='line_1_13' title="bbox 176 1261 1840 1314; baseline 0.002 -12"><span class='ocrx_word' id='word_1_85' title='bbox 176 1261 381 1302; x_wconf 89' lang='lat' dir='ltr'><strong>Nicolaus</strong></span> <span class='ocrx_word' id='word_1_86' title='bbox 404 1262 439 1302; x_wconf 94' lang='lat' dir='ltr'><strong>ll</strong></span> <span class='ocrx_word' id='word_1_87' title='bbox 464 1261 651 1303; x_wconf 85' lang='lat' dir='ltr'><strong>Gabrieli</strong></span> <span class='ocrx_word' id='word_1_88' title='bbox 686 1262 990 1303; x_wconf 81' lang='lat' dir='ltr'><strong>Aemoniensis</strong></span> <span class='ocrx_word' id='word_1_89' title='bbox 1014 1263 1246 1314; x_wconf 87' lang='lat' dir='ltr'><strong>episcopus</strong></span> <span class='ocrx_word' id='word_1_90' title='bbox 1271 1263 1311 1303; x_wconf 91' lang='lat' dir='ltr'><strong>in</strong></span> <span class='ocrx_word' id='word_1_91' title='bbox 1348 1264 1602 1305; x_wconf 85' lang='lat' dir='ltr'><strong>Visitatione</strong></span> <span class='ocrx_word' id='word_1_92' title='bbox 1639 1265 1840 1306; x_wconf 87' lang='lat' dir='ltr'><strong>Generali</strong></span> 
     </span>
     <span class='ocr_line' id='line_1_14' title="bbox 40 1331 540 1373; baseline -0.002 -1"><span class='ocrx_word' id='word_1_93' title='bbox 40 1331 264 1373; x_wconf 86' lang='lat' dir='ltr'><strong>Canonica</strong></span> <span class='ocrx_word' id='word_1_94' title='bbox 295 1331 540 1372; x_wconf 77' lang='lat' dir='ltr'><strong>adinvenit:</strong></span> 
     </span>
    </p>
   </div>
   <div class='ocr_carea' id='block_1_7' title="bbox 38 1412 1841 1511">
    <p class='ocr_par' dir='ltr' id='par_1_7' title="bbox 38 1412 1841 1511">
     <span class='ocr_line' id='line_1_15' title="bbox 181 1412 1841 1469; baseline 0.003 -17"><span class='ocrx_word' id='word_1_95' title='bbox 181 1412 422 1461; x_wconf 87' lang='lat' dir='ltr'><strong>„Tribano:</strong></span> <span class='ocrx_word' id='word_1_96' title='bbox 457 1425 516 1452; x_wconf 88' lang='lat' dir='ltr'><strong>un</strong></span> <span class='ocrx_word' id='word_1_97' title='bbox 549 1413 730 1454; x_wconf 88' lang='lat' dir='ltr'><strong>messale</strong></span> <span class='ocrx_word' id='word_1_98' title='bbox 774 1413 829 1454; x_wconf 91' lang='lat' dir='ltr'><strong>da</strong></span> <span class='ocrx_word' id='word_1_99' title='bbox 860 1416 1019 1462; x_wconf 81' lang='lat' dir='ltr'><strong>morto,</strong></span> <span class='ocrx_word' id='word_1_100' title='bbox 1062 1426 1119 1453; x_wconf 89' lang='lat' dir='ltr'><strong>un</strong></span> <span class='ocrx_word' id='word_1_101' title='bbox 1154 1413 1327 1455; x_wconf 81' lang='lat' dir='ltr'><strong>Rituale</strong></span> <span class='ocrx_word' id='word_1_102' title='bbox 1372 1415 1577 1456; x_wconf 83' lang='lat' dir='ltr'><strong>Romano</strong></span> <span class='ocrx_word' id='word_1_103' title='bbox 1613 1419 1653 1456; x_wconf 93' lang='lat' dir='ltr'><strong>et</strong></span> <span class='ocrx_word' id='word_1_104' title='bbox 1687 1430 1841 1469; x_wconf 84' lang='lat' dir='ltr'><strong>gover-</strong></span> 
     </span>
     <span class='ocr_line' id='line_1_16' title="bbox 38 1469 525 1511; baseline -0.002 0"><span class='ocrx_word' id='word_1_105' title='bbox 38 1473 142 1511; x_wconf 89' lang='lat' dir='ltr'><strong>nato</strong></span> <span class='ocrx_word' id='word_1_106' title='bbox 177 1470 205 1510; x_wconf 90' lang='lat' dir='ltr'><strong>il</strong></span> <span class='ocrx_word' id='word_1_107' title='bbox 228 1469 525 1511; x_wconf 85' lang='lat' dir='ltr'><strong>Schiavetto‘·&#39;.</strong></span> 
     </span>
    </p>
   </div>
   <div class='ocr_carea' id='block_1_8' title="bbox 180 1561 878 1607">
    <p class='ocr_par' dir='ltr' id='par_1_8' title="bbox 180 1561 878 1607">
     <span class='ocr_line' id='line_1_17' title="bbox 180 1561 878 1607; baseline -0.001 -12"><span class='ocrx_word' id='word_1_108' title='bbox 180 1561 361 1604; x_wconf 82' lang='lat' dir='ltr'><strong>Pesante,</strong></span> <span class='ocrx_word' id='word_1_109' title='bbox 386 1561 443 1595; x_wconf 86' lang='lat' dir='ltr'><strong>La</strong></span> <span class='ocrx_word' id='word_1_110' title='bbox 468 1561 628 1607; x_wconf 80' lang='lat' dir='ltr'><strong>liturgia</strong></span> <span class='ocrx_word' id='word_1_111' title='bbox 657 1561 776 1603; x_wconf 60' lang='lat' dir='ltr'><strong>sima,</strong></span> <span class='ocrx_word' id='word_1_112' title='bbox 804 1562 878 1595; x_wconf 81' lang='lat'>140.</span> 
     </span>
    </p>
   </div>
   <div class='ocr_carea' id='block_1_9' title="bbox 533 1679 1342 1732">
    <p class='ocr_par' dir='ltr' id='par_1_9' title="bbox 533 1679 1342 1732">
     <span class='ocr_line' id='line_1_18' title="bbox 533 1679 1342 1732; baseline 0.005 -14"><span class='ocrx_word' id='word_1_113' title='bbox 533 1682 603 1720; x_wconf 85' lang='grc'><strong>18.</strong></span> <span class='ocrx_word' id='word_1_114' title='bbox 636 1682 754 1729; x_wconf 78' lang='grc'><em>1711,</em></span> <span class='ocrx_word' id='word_1_115' title='bbox 787 1682 811 1719; x_wconf 92' lang='grc'><em>1</em></span> <span class='ocrx_word' id='word_1_116' title='bbox 845 1681 1108 1732; x_wconf 74' lang='lat' dir='ltr'><strong>Septembris,</strong></span> <span class='ocrx_word' id='word_1_117' title='bbox 1151 1679 1342 1722; x_wconf 65' lang='lat' dir='ltr'><strong>Camari.</strong></span> 
     </span>
    </p>
   </div>
   <div class='ocr_carea' id='block_1_10' title="bbox 34 1761 1840 1955">
    <p class='ocr_par' dir='ltr' id='par_1_10' title="bbox 34 1761 1840 1955">
     <span class='ocr_line' id='line_1_19' title="bbox 173 1761 1840 1818; baseline 0.004 -16"><span class='ocrx_word' id='word_1_118' title='bbox 173 1761 536 1814; x_wconf 85' lang='lat' dir='ltr'><strong>Archiepisceous</strong></span> <span class='ocrx_word' id='word_1_119' title='bbox 570 1762 873 1802; x_wconf 85' lang='lat' dir='ltr'><strong>Antibarensis</strong></span> <span class='ocrx_word' id='word_1_120' title='bbox 919 1763 1167 1803; x_wconf 78' lang='lat' dir='ltr'><strong>Vincentius</strong></span> <span class='ocrx_word' id='word_1_121' title='bbox 1212 1764 1430 1817; x_wconf 78' lang='lat' dir='ltr'><strong>Zmajevic</strong></span> <span class='ocrx_word' id='word_1_122' title='bbox 1475 1769 1599 1818; x_wconf 84' lang='lat' dir='ltr'><strong>rogat</strong></span> <span class='ocrx_word' id='word_1_123' title='bbox 1635 1766 1840 1808; x_wconf 86' lang='lat' dir='ltr'><strong>Clemen-</strong></span> 
     </span>
     <span class='ocr_line' id='line_1_20' title="bbox 34 1830 1840 1886; baseline 0.004 -15"><span class='ocrx_word' id='word_1_124' title='bbox 34 1835 120 1872; x_wconf 89' lang='lat' dir='ltr'><strong>tem</strong></span> <span class='ocrx_word' id='word_1_125' title='bbox 154 1844 315 1884; x_wconf 86' lang='lat' dir='ltr'><strong>papam</strong></span> <span class='ocrx_word' id='word_1_126' title='bbox 349 1830 433 1879; x_wconf 74' lang='lat' dir='ltr'><strong>XL,</strong></span> <span class='ocrx_word' id='word_1_127' title='bbox 466 1834 513 1871; x_wconf 85' lang='lat' dir='ltr'><strong>ut</strong></span> <span class='ocrx_word' id='word_1_128' title='bbox 544 1832 688 1883; x_wconf 89' lang='lat' dir='ltr'><strong>patrui</strong></span> <span class='ocrx_word' id='word_1_129' title='bbox 722 1832 789 1871; x_wconf 86' lang='lat' dir='ltr'><strong>sui</strong></span> <span class='ocrx_word' id='word_1_130' title='bbox 812 1832 1014 1873; x_wconf 80' lang='lat' dir='ltr'><strong>Andreae</strong></span> <span class='ocrx_word' id='word_1_131' title='bbox 1037 1833 1139 1873; x_wconf 88' lang='lat' dir='ltr'><strong>olim</strong></span> <span class='ocrx_word' id='word_1_132' title='bbox 1164 1834 1499 1886; x_wconf 84' lang='lat' dir='ltr'><strong>Archicpiscopi</strong></span> <span class='ocrx_word' id='word_1_133' title='bbox 1535 1836 1840 1878; x_wconf 87' lang='lat' dir='ltr'><strong>Antibarensis</strong></span> 
     </span>
     <span class='ocr_line' id='line_1_21' title="bbox 37 1899 1687 1955; baseline 0.003 -14"><span class='ocrx_word' id='word_1_134' title='bbox 37 1900 354 1942; x_wconf 75' lang='lat' dir='ltr'><strong>ecclesiasticos</strong></span> <span class='ocrx_word' id='word_1_135' title='bbox 386 1901 565 1942; x_wconf 90' lang='lat' dir='ltr'><strong>annales</strong></span> <span class='ocrx_word' id='word_1_136' title='bbox 597 1899 764 1954; x_wconf 79' lang='lat' dir='ltr'><strong>Illyrica</strong></span> <span class='ocrx_word' id='word_1_137' title='bbox 796 1902 942 1953; x_wconf 82' lang='lat' dir='ltr'><strong>lingua</strong></span> <span class='ocrx_word' id='word_1_138' title='bbox 975 1906 1175 1943; x_wconf 77' lang='lat' dir='ltr'><strong>exaratos</strong></span> <span class='ocrx_word' id='word_1_139' title='bbox 1206 1903 1370 1955; x_wconf 80' lang='lat' dir='ltr'><strong>publici</strong></span> <span class='ocrx_word' id='word_1_140' title='bbox 1407 1904 1508 1945; x_wconf 85' lang='lat' dir='ltr'><strong>iuris</strong></span> <span class='ocrx_word' id='word_1_141' title='bbox 1542 1906 1687 1947; x_wconf 83' lang='lat' dir='ltr'><strong>faciat.</strong></span> 
     </span>
    </p>
   </div>
   <div class='ocr_carea' id='block_1_11' title="bbox 32 1981 1837 2787">
    <p class='ocr_par' dir='ltr' id='par_1_11' title="bbox 173 1981 617 2023">
     <span class='ocr_line' id='line_1_22' title="bbox 173 1981 617 2023; baseline 0 -2"><span class='ocrx_word' id='word_1_142' title='bbox 173 1982 430 2022; x_wconf 88' lang='lat' dir='ltr'><strong>Beatissime</strong></span> <span class='ocrx_word' id='word_1_143' title='bbox 464 1981 617 2023; x_wconf 85' lang='lat' dir='ltr'><strong>Pater!</strong></span> 
     </span>
    </p>

    <p class='ocr_par' dir='ltr' id='par_1_12' title="bbox 32 2040 1837 2730">
     <span class='ocr_line' id='line_1_23' title="bbox 174 2040 1836 2094; baseline 0.005 -15"><span class='ocrx_word' id='word_1_144' title='bbox 174 2064 225 2068; x_wconf 76' lang='lat'>—</span> <span class='ocrx_word' id='word_1_145' title='bbox 251 2064 292 2068; x_wconf 97' lang='lat'><strong>—</strong></span> <span class='ocrx_word' id='word_1_146' title='bbox 331 2040 496 2092; x_wconf 66' lang='lat' dir='ltr'><strong>Illyrica</strong></span> <span class='ocrx_word' id='word_1_147' title='bbox 529 2042 663 2087; x_wconf 44' lang='lat' dir='ltr'><strong>natio2</strong></span> <span class='ocrx_word' id='word_1_148' title='bbox 696 2041 808 2081; x_wconf 86' lang='lat' dir='ltr'><strong>inter</strong></span> <span class='ocrx_word' id='word_1_149' title='bbox 838 2041 1011 2093; x_wconf 81' lang='lat' dir='ltr'><strong>plantas</strong></span> <span class='ocrx_word' id='word_1_150' title='bbox 1034 2043 1301 2094; x_wconf 84' lang='lat' dir='ltr'><strong>apostolicas</strong></span> <span class='ocrx_word' id='word_1_151' title='bbox 1324 2043 1364 2083; x_wconf 88' lang='lat' dir='ltr'><strong>in</strong></span> <span class='ocrx_word' id='word_1_152' title='bbox 1391 2045 1555 2092; x_wconf 72' lang='lat' dir='ltr'><strong>gremio</strong></span> <span class='ocrx_word' id='word_1_153' title='bbox 1584 2043 1836 2087; x_wconf 78' lang='lat' dir='ltr'><strong>Catholicae</strong></span> 
     </span>
     <span class='ocr_line' id='line_1_24' title="bbox 35 2098 1831 2152; baseline 0.003 -13"><span class='ocrx_word' id='word_1_154' title='bbox 35 2098 253 2139; x_wconf 85' lang='lat' dir='ltr'><strong>Ecclesiae</strong></span> <span class='ocrx_word' id='word_1_155' title='bbox 284 2098 590 2150; x_wconf 75' lang='lat' dir='ltr'><strong>primogenita,</strong></span> <span class='ocrx_word' id='word_1_156' title='bbox 623 2099 882 2139; x_wconf 85' lang='lat' dir='ltr'><strong>sanctissimi</strong></span> <span class='ocrx_word' id='word_1_157' title='bbox 917 2100 1138 2152; x_wconf 84' lang='lat' dir='ltr'><strong>pontificis</strong></span> <span class='ocrx_word' id='word_1_158' title='bbox 1172 2100 1333 2141; x_wconf 87' lang='lat' dir='ltr'><strong>Urbani</strong></span> <span class='ocrx_word' id='word_1_159' title='bbox 1379 2101 1475 2142; x_wconf 82' lang='lat' dir='ltr'><strong>VlIl</strong></span> <span class='ocrx_word' id='word_1_160' title='bbox 1509 2104 1688 2144; x_wconf 83' lang='lat' dir='ltr'><strong>oraculo</strong></span> <span class='ocrx_word' id='word_1_161' title='bbox 1721 2106 1831 2145; x_wconf 84' lang='lat' dir='ltr'><strong>cele-</strong></span> 
     </span>
     <span class='ocr_line' id='line_1_25' title="bbox 37 2155 1835 2215; baseline 0.004 -19"><span class='ocrx_word' id='word_1_162' title='bbox 37 2157 198 2198; x_wconf 87' lang='lat' dir='ltr'><strong>bratur.</strong></span> <span class='ocrx_word' id='word_1_163' title='bbox 233 2155 384 2196; x_wconf 86' lang='lat' dir='ltr'><strong>Plures</strong></span> <span class='ocrx_word' id='word_1_164' title='bbox 418 2156 547 2197; x_wconf 88' lang='lat' dir='ltr'><strong>habet</strong></span> <span class='ocrx_word' id='word_1_165' title='bbox 580 2156 703 2205; x_wconf 79' lang='lat' dir='ltr'><strong>filias,</strong></span> <span class='ocrx_word' id='word_1_166' title='bbox 749 2158 960 2211; x_wconf 83' lang='lat' dir='ltr'><strong>majorem</strong></span> <span class='ocrx_word' id='word_1_167' title='bbox 987 2158 1203 2210; x_wconf 85' lang='lat' dir='ltr'><strong>Europae.</strong></span> <span class='ocrx_word' id='word_1_168' title='bbox 1237 2160 1469 2201; x_wconf 81' lang='lat' dir='ltr'><strong>maximam</strong></span> <span class='ocrx_word' id='word_1_169' title='bbox 1505 2161 1634 2202; x_wconf 87' lang='lat' dir='ltr'><strong>Asiae</strong></span> <span class='ocrx_word' id='word_1_170' title='bbox 1666 2166 1835 2215; x_wconf 81' lang='lat' dir='ltr'><strong>partem</strong></span> 
     </span>
     <span class='ocr_line' id='line_1_26' title="bbox 35 2212 1837 2268; baseline 0.004 -14"><span class='ocrx_word' id='word_1_171' title='bbox 35 2213 284 2254; x_wconf 86' lang='lat' dir='ltr'><strong>incolentes.</strong></span> <span class='ocrx_word' id='word_1_172' title='bbox 332 2212 476 2254; x_wconf 89' lang='lat' dir='ltr'><strong>Poene</strong></span> <span class='ocrx_word' id='word_1_173' title='bbox 520 2227 684 2263; x_wconf 82' lang='lat' dir='ltr'><strong>omnes⁷</strong></span> <span class='ocrx_word' id='word_1_174' title='bbox 744 2216 934 2268; x_wconf 84' lang='lat' dir='ltr'><strong>exceptis</strong></span> <span class='ocrx_word' id='word_1_175' title='bbox 989 2215 1257 2256; x_wconf 83' lang='lat' dir='ltr'><strong>diffidentiae</strong></span> <span class='ocrx_word' id='word_1_176' title='bbox 1301 2217 1411 2266; x_wconf 85' lang='lat' dir='ltr'><strong>filiis,</strong></span> <span class='ocrx_word' id='word_1_177' title='bbox 1448 2217 1691 2260; x_wconf 77' lang='lat' dir='ltr'><strong>Cathedrae</strong></span> <span class='ocrx_word' id='word_1_178' title='bbox 1724 2220 1837 2261; x_wconf 82' lang='lat' dir='ltr'><strong>Petri</strong></span> 
     </span>
     <span class='ocr_line' id='line_1_27' title="bbox 34 2272 1835 2319; baseline 0.004 -8"><span class='ocrx_word' id='word_1_179' title='bbox 34 2272 343 2312; x_wconf 88' lang='lat' dir='ltr'><strong>communione</strong></span> <span class='ocrx_word' id='word_1_180' title='bbox 376 2273 610 2312; x_wconf 83' lang='lat' dir='ltr'><strong>sociantur.</strong></span> <span class='ocrx_word' id='word_1_181' title='bbox 650 2297 763 2302; x_wconf 87' lang='lat'><strong>——</strong></span> <span class='ocrx_word' id='word_1_182' title='bbox 800 2273 977 2314; x_wconf 81' lang='lat' dir='ltr'><strong>Sacram</strong></span> <span class='ocrx_word' id='word_1_183' title='bbox 1013 2278 1255 2315; x_wconf 85' lang='lat' dir='ltr'><strong>castrorum</strong></span> <span class='ocrx_word' id='word_1_184' title='bbox 1289 2276 1426 2316; x_wconf 89' lang='lat' dir='ltr'><strong>aciem</strong></span> <span class='ocrx_word' id='word_1_185' title='bbox 1461 2278 1577 2317; x_wconf 84' lang='lat' dir='ltr'><strong>omni</strong></span> <span class='ocrx_word' id='word_1_186' title='bbox 1612 2282 1835 2319; x_wconf 80' lang='lat' dir='ltr'><strong>armatura</strong></span> 
     </span>
     <span class='ocr_line' id='line_1_28' title="bbox 36 2328 1835 2386; baseline 0.004 -16"><span class='ocrx_word' id='word_1_187' title='bbox 36 2328 208 2370; x_wconf 88' lang='lat' dir='ltr'><strong>fortium</strong></span> <span class='ocrx_word' id='word_1_188' title='bbox 263 2330 508 2371; x_wconf 88' lang='lat' dir='ltr'><strong>ordinatam</strong></span> <span class='ocrx_word' id='word_1_189' title='bbox 553 2331 754 2372; x_wconf 82' lang='lat' dir='ltr'><strong>Andreas</strong></span> <span class='ocrx_word' id='word_1_190' title='bbox 799 2331 1059 2380; x_wconf 87' lang='lat' dir='ltr'><strong>Zmaievich‚</strong></span> <span class='ocrx_word' id='word_1_191' title='bbox 1101 2333 1470 2386; x_wconf 80' lang='lat' dir='ltr'><strong>Archiepiscopus</strong></span> <span class='ocrx_word' id='word_1_192' title='bbox 1513 2336 1835 2383; x_wconf 84' lang='lat' dir='ltr'><strong>Antibarensis‚</strong></span> 
     </span>
     <span class='ocr_line' id='line_1_29' title="bbox 32 2388 1834 2446; baseline 0.004 -18"><span class='ocrx_word' id='word_1_193' title='bbox 32 2390 215 2440; x_wconf 82' lang='lat' dir='ltr'><strong>patruus</strong></span> <span class='ocrx_word' id='word_1_194' title='bbox 257 2391 298 2428; x_wconf 84' lang='lat' dir='ltr'><strong>et</strong></span> <span class='ocrx_word' id='word_1_195' title='bbox 329 2388 643 2440; x_wconf 85' lang='lat' dir='ltr'><strong>praedecessor</strong></span> <span class='ocrx_word' id='word_1_196' title='bbox 674 2402 809 2436; x_wconf 80' lang='lat' dir='ltr'><strong>meus,</strong></span> <span class='ocrx_word' id='word_1_197' title='bbox 854 2390 1076 2430; x_wconf 88' lang='lat' dir='ltr'><strong>annalium</strong></span> <span class='ocrx_word' id='word_1_198' title='bbox 1119 2390 1512 2433; x_wconf 84' lang='lat' dir='ltr'><strong>ecclesiasticorum</strong></span> <span class='ocrx_word' id='word_1_199' title='bbox 1558 2394 1834 2446; x_wconf 80' lang='lat' dir='ltr'><strong>Illyrico-La-</strong></span> 
     </span>
     <span class='ocr_line' id='line_1_30' title="bbox 33 2444 1831 2504; baseline 0.004 -19"><span class='ocrx_word' id='word_1_200' title='bbox 33 2444 168 2487; x_wconf 87' lang='lat' dir='ltr'><strong>tinam</strong></span> <span class='ocrx_word' id='word_1_201' title='bbox 200 2446 421 2499; x_wconf 85' lang='lat' dir='ltr'><strong>synopsim</strong></span> <span class='ocrx_word' id='word_1_202' title='bbox 456 2448 676 2497; x_wconf 82' lang='lat' dir='ltr'><strong>gestorum</strong></span> <span class='ocrx_word' id='word_1_203' title='bbox 709 2447 818 2487; x_wconf 87' lang='lat' dir='ltr'><strong>serie</strong></span> <span class='ocrx_word' id='word_1_204' title='bbox 851 2448 981 2499; x_wconf 87' lang='lat' dir='ltr'><strong>plana</strong></span> <span class='ocrx_word' id='word_1_205' title='bbox 1014 2448 1216 2501; x_wconf 83' lang='lat' dir='ltr'><strong>facilique</strong></span> <span class='ocrx_word' id='word_1_206' title='bbox 1240 2450 1450 2490; x_wconf 82' lang='lat' dir='ltr'><strong>methodo</strong></span> <span class='ocrx_word' id='word_1_207' title='bbox 1483 2451 1764 2504; x_wconf 87' lang='lat' dir='ltr'><strong>compilando</strong></span> <span class='ocrx_word' id='word_1_208' title='bbox 1790 2453 1831 2492; x_wconf 88' lang='lat' dir='ltr'><strong>in</strong></span> 
     </span>
     <span class='ocr_line' id='line_1_31' title="bbox 32 2502 1834 2561; baseline 0.003 -18"><span class='ocrx_word' id='word_1_209' title='bbox 32 2502 277 2544; x_wconf 86' lang='lat' dir='ltr'><strong>schismatis</strong></span> <span class='ocrx_word' id='word_1_210' title='bbox 323 2503 558 2555; x_wconf 91' lang='lat' dir='ltr'><strong>perniciem</strong></span> <span class='ocrx_word' id='word_1_211' title='bbox 617 2504 828 2545; x_wconf 73' lang='lat' dir='ltr'><strong>instruxit.</strong></span> <span class='ocrx_word' id='word_1_212' title='bbox 884 2504 1001 2557; x_wconf 89' lang='lat' dir='ltr'><strong>Opus</strong></span> <span class='ocrx_word' id='word_1_213' title='bbox 1064 2505 1160 2546; x_wconf 90' lang='lat' dir='ltr'><strong>luce</strong></span> <span class='ocrx_word' id='word_1_214' title='bbox 1204 2506 1381 2558; x_wconf 84' lang='lat' dir='ltr'><strong>dignum</strong></span> <span class='ocrx_word' id='word_1_215' title='bbox 1428 2506 1618 2559; x_wconf 74' lang='lat' dir='ltr'><strong>Illyricae</strong></span> <span class='ocrx_word' id='word_1_216' title='bbox 1662 2510 1834 2561; x_wconf 83' lang='lat' dir='ltr'><strong>linguae</strong></span> 
     </span>
     <span class='ocr_line' id='line_1_32' title="bbox 32 2560 1835 2616; baseline 0.004 -16"><span class='ocrx_word' id='word_1_217' title='bbox 32 2561 220 2612; x_wconf 88' lang='lat' dir='ltr'><strong>populis,</strong></span> <span class='ocrx_word' id='word_1_218' title='bbox 283 2560 495 2613; x_wconf 87' lang='lat' dir='ltr'><strong>imperitis</strong></span> <span class='ocrx_word' id='word_1_219' title='bbox 538 2574 587 2602; x_wconf 90' lang='lat' dir='ltr'><strong>ac</strong></span> <span class='ocrx_word' id='word_1_220' title='bbox 634 2562 864 2602; x_wconf 88' lang='lat' dir='ltr'><strong>latinarum</strong></span> <span class='ocrx_word' id='word_1_221' title='bbox 919 2563 1156 2604; x_wconf 84' lang='lat' dir='ltr'><strong>litterarum</strong></span> <span class='ocrx_word' id='word_1_222' title='bbox 1206 2576 1385 2615; x_wconf 88' lang='lat' dir='ltr'><strong>prorsus</strong></span> <span class='ocrx_word' id='word_1_223' title='bbox 1431 2565 1603 2616; x_wconf 83' lang='lat' dir='ltr'><strong>ignaris,</strong></span> <span class='ocrx_word' id='word_1_224' title='bbox 1648 2566 1835 2607; x_wconf 87' lang='lat' dir='ltr'><strong>Moschis</strong></span> 
     </span>
     <span class='ocr_line' id='line_1_33' title="bbox 32 2618 1831 2672; baseline 0.003 -14"><span class='ocrx_word' id='word_1_225' title='bbox 32 2618 307 2670; x_wconf 88' lang='lat' dir='ltr'><strong>potissimum</strong></span> <span class='ocrx_word' id='word_1_226' title='bbox 345 2642 392 2647; x_wconf 90' lang='lat'>—</span> <span class='ocrx_word' id='word_1_227' title='bbox 437 2619 638 2668; x_wconf 83' lang='lat' dir='ltr'><strong>salutare,</strong></span> <span class='ocrx_word' id='word_1_228' title='bbox 671 2632 750 2660; x_wconf 87' lang='lat' dir='ltr'><strong>nec</strong></span> <span class='ocrx_word' id='word_1_229' title='bbox 792 2621 904 2672; x_wconf 63' lang='lat' dir='ltr'><strong>typis</strong></span> <span class='ocrx_word' id='word_1_230' title='bbox 946 2620 1125 2669; x_wconf 79' lang='lat' dir='ltr'><strong>editum,</strong></span> <span class='ocrx_word' id='word_1_231' title='bbox 1167 2622 1358 2661; x_wconf 80' lang='lat' dir='ltr'><strong>tenebris</strong></span> <span class='ocrx_word' id='word_1_232' title='bbox 1405 2623 1549 2663; x_wconf 84' lang='lat' dir='ltr'><strong>adhuc</strong></span> <span class='ocrx_word' id='word_1_233' title='bbox 1584 2624 1831 2665; x_wconf 80' lang='lat' dir='ltr'><strong>involvitur.</strong></span> 
     </span>
     <span class='ocr_line' id='line_1_34' title="bbox 38 2675 1830 2730; baseline 0.003 -14"><span class='ocrx_word' id='word_1_234' title='bbox 38 2699 80 2704; x_wconf 97' lang='lat'><strong>—</strong></span> <span class='ocrx_word' id='word_1_235' title='bbox 108 2700 150 2705; x_wconf 97' lang='lat'>—</span> <span class='ocrx_word' id='word_1_236' title='bbox 188 2675 379 2717; x_wconf 88' lang='lat' dir='ltr'><strong>Prodeat</strong></span> <span class='ocrx_word' id='word_1_237' title='bbox 412 2676 454 2716; x_wconf 86' lang='lat' dir='ltr'><strong>in</strong></span> <span class='ocrx_word' id='word_1_238' title='bbox 487 2689 706 2729; x_wconf 87' lang='lat' dir='ltr'><strong>campum,</strong></span> <span class='ocrx_word' id='word_1_239' title='bbox 749 2677 845 2718; x_wconf 90' lang='lat' dir='ltr'><strong>Tua</strong></span> <span class='ocrx_word' id='word_1_240' title='bbox 887 2679 1065 2730; x_wconf 87' lang='lat' dir='ltr'><strong>auspice</strong></span> <span class='ocrx_word' id='word_1_241' title='bbox 1112 2679 1354 2728; x_wconf 73' lang='lat' dir='ltr'><strong>clementia,</strong></span> <span class='ocrx_word' id='word_1_242' title='bbox 1389 2683 1583 2721; x_wconf 80' lang='lat' dir='ltr'><strong>extructa</strong></span> <span class='ocrx_word' id='word_1_243' title='bbox 1617 2683 1743 2722; x_wconf 85' lang='lat' dir='ltr'><strong>acies.</strong></span> <span class='ocrx_word' id='word_1_244' title='bbox 1779 2707 1830 2710; x_wconf 96' lang='lat'><strong>—</strong></span> 
     </span>
    </p>

    <p class='ocr_par' dir='ltr' id='par_1_13' title="bbox 171 2733 983 2787">
     <span class='ocr_line' id='line_1_35' title="bbox 171 2733 983 2787; baseline 0.001 -12"><span class='ocrx_word' id='word_1_245' title='bbox 171 2733 347 2775; x_wconf 86' lang='lat' dir='ltr'><strong>Cathari</strong></span> <span class='ocrx_word' id='word_1_246' title='bbox 380 2734 521 2786; x_wconf 89' lang='lat' dir='ltr'><strong>prima</strong></span> <span class='ocrx_word' id='word_1_247' title='bbox 554 2734 826 2787; x_wconf 87' lang='lat' dir='ltr'><strong>Septembris</strong></span> <span class='ocrx_word' id='word_1_248' title='bbox 861 2737 983 2776; x_wconf 82' lang='lat'>1711.</span> 
     </span>
    </p>
   </div>
   <div class='ocr_carea' id='block_1_12' title="bbox 954 2804 1608 2961">
    <p class='ocr_par' dir='ltr' id='par_1_14' title="bbox 954 2804 1608 2961">
     <span class='ocr_line' id='line_1_36' title="bbox 993 2804 1551 2847; baseline 0.002 -1"><span class='ocrx_word' id='word_1_249' title='bbox 993 2804 1246 2846; x_wconf 75' lang='lat' dir='ltr'><strong>Sanctitatis</strong></span> <span class='ocrx_word' id='word_1_250' title='bbox 1278 2806 1399 2847; x_wconf 83' lang='lat' dir='ltr'><strong>Tuae</strong></span> <span class='ocrx_word' id='word_1_251' title='bbox 1435 2831 1479 2836; x_wconf 92' lang='lat'><strong>——</strong></span> <span class='ocrx_word' id='word_1_252' title='bbox 1507 2832 1551 2836; x_wconf 91' lang='lat'><strong>—-</strong></span> 
     </span>
     <span class='ocr_line' id='line_1_37' title="bbox 954 2862 1608 2917; baseline 0.003 -15"><span class='ocrx_word' id='word_1_253' title='bbox 954 2862 1204 2903; x_wconf 85' lang='lat' dir='ltr'><strong>Vincentius</strong></span> <span class='ocrx_word' id='word_1_254' title='bbox 1236 2863 1608 2917; x_wconf 81' lang='lat' dir='ltr'><strong>Archicpiscopns</strong></span> 
     </span>
     <span class='ocr_line' id='line_1_38' title="bbox 1154 2921 1470 2961; baseline 0 0"><span class='ocrx_word' id='word_1_255' title='bbox 1154 2921 1470 2961; x_wconf 72' lang='lat' dir='ltr'><strong>Antibarensis.</strong></span> 
     </span>
    </p>
   </div>
   <div class='ocr_carea' id='block_1_13' title="bbox 31 2994 1829 3228">
    <p class='ocr_par' dir='ltr' id='par_1_15' title="bbox 168 2994 1230 3041">
     <span class='ocr_line' id='line_1_39' title="bbox 168 2994 1230 3041; baseline 0.003 -12"><span class='ocrx_word' id='word_1_256' title='bbox 168 2994 340 3038; x_wconf 67' lang='lat' dir='ltr'><strong>Thamar,</strong></span> <span class='ocrx_word' id='word_1_257' title='bbox 369 2996 467 3031; x_wconf 84' lang='lat' dir='ltr'><strong>Mon.</strong></span> <span class='ocrx_word' id='word_1_258' title='bbox 496 2997 698 3032; x_wconf 72' lang='lat' dir='ltr'><strong>Slavorum</strong></span> <span class='ocrx_word' id='word_1_259' title='bbox 725 2997 1007 3032; x_wconf 88' lang='lat' dir='ltr'><strong>Meridionalim</strong></span> <span class='ocrx_word' id='word_1_260' title='bbox 1034 2998 1084 3041; x_wconf 79' lang='lat' dir='ltr'><strong>IIy</strong></span> <span class='ocrx_word' id='word_1_261' title='bbox 1109 2999 1171 3032; x_wconf 80' lang='lat'><strong>241</strong></span> <span class='ocrx_word' id='word_1_262' title='bbox 1204 3011 1230 3032; x_wconf 84' lang='lat' dir='ltr'><strong>s.</strong></span> 
     </span>
    </p>

    <p class='ocr_par' dir='ltr' id='par_1_16' title="bbox 31 3041 1829 3228">
     <span class='ocr_line' id='line_1_40' title="bbox 169 3041 1825 3091; baseline 0.002 -16"><span class='ocrx_word' id='word_1_263' title='bbox 169 3041 248 3075; x_wconf 77' lang='lat' dir='ltr'><strong>Hoc</strong></span> <span class='ocrx_word' id='word_1_264' title='bbox 275 3042 338 3076; x_wconf 32' lang='lat' dir='ltr'><strong>MS&lt;</strong></span> <span class='ocrx_word' id='word_1_265' title='bbox 369 3043 545 3077; x_wconf 77' lang='lat' dir='ltr'><strong>Andreae</strong></span> <span class='ocrx_word' id='word_1_266' title='bbox 584 3043 781 3087; x_wconf 64' lang='lat' dir='ltr'><strong>Zmajevic&#39;z</strong></span> <span class='ocrx_word' id='word_1_267' title='bbox 815 3049 994 3078; x_wconf 79' lang='lat' dir='ltr'><strong>servatur</strong></span> <span class='ocrx_word' id='word_1_268' title='bbox 1028 3044 1064 3077; x_wconf 88' lang='lat' dir='ltr'><strong>in</strong></span> <span class='ocrx_word' id='word_1_269' title='bbox 1103 3044 1346 3079; x_wconf 75' lang='lat' dir='ltr'><strong>Bibliotheca</strong></span> <span class='ocrx_word' id='word_1_270' title='bbox 1374 3045 1511 3079; x_wconf 77' lang='lat' dir='ltr'><strong>Sacrae</strong></span> <span class='ocrx_word' id='word_1_271' title='bbox 1541 3047 1646 3091; x_wconf 67' lang='lat' dir='ltr'><strong>‘&#39;ong</strong></span> <span class='ocrx_word' id='word_1_272' title='bbox 1685 3047 1825 3090; x_wconf 77' lang='lat' dir='ltr'><strong>Propa-</strong></span> 
     </span>
     <span class='ocr_line' id='line_1_41' title="bbox 32 3085 1829 3135; baseline 0.004 -17"><span class='ocrx_word' id='word_1_273' title='bbox 32 3085 180 3130; x_wconf 71' lang='lat' dir='ltr'><strong>gandae</strong></span> <span class='ocrx_word' id='word_1_274' title='bbox 205 3087 313 3121; x_wconf 79' lang='lat' dir='ltr'><strong>Fidei</strong></span> <span class='ocrx_word' id='word_1_275' title='bbox 340 3099 424 3121; x_wconf 86' lang='lat' dir='ltr'><strong>cum</strong></span> <span class='ocrx_word' id='word_1_276' title='bbox 452 3088 523 3122; x_wconf 82' lang='lat' dir='ltr'><strong>hac</strong></span> <span class='ocrx_word' id='word_1_277' title='bbox 550 3089 818 3123; x_wconf 80' lang='lat' dir='ltr'><strong>adnotatione:</strong></span> <span class='ocrx_word' id='word_1_278' title='bbox 856 3091 988 3128; x_wconf 71' lang='lat' dir='ltr'><strong>„Anno</strong></span> <span class='ocrx_word' id='word_1_279' title='bbox 1018 3089 1115 3124; x_wconf 68' lang='lat'><strong>1694.</strong></span> <span class='ocrx_word' id='word_1_280' title='bbox 1142 3090 1186 3123; x_wconf 63' lang='lat'><strong>⁸2&amp;</strong></span> <span class='ocrx_word' id='word_1_281' title='bbox 1222 3091 1459 3135; x_wconf 69' lang='lat' dir='ltr'><strong>Septembris</strong></span> <span class='ocrx_word' id='word_1_282' title='bbox 1485 3092 1657 3125; x_wconf 69' lang='lat' dir='ltr'><strong>Joannes</strong></span> <span class='ocrx_word' id='word_1_283' title='bbox 1690 3092 1829 3125; x_wconf 75' lang='lat' dir='ltr'><strong>l&#39;astri-</strong></span> 
     </span>
     <span class='ocr_line' id='line_1_42' title="bbox 31 3130 1828 3182; baseline 0.003 -18"><span class='ocrx_word' id='word_1_284' title='bbox 31 3130 118 3165; x_wconf 78' lang='lat' dir='ltr'><strong>tius.</strong></span> <span class='ocrx_word' id='word_1_285' title='bbox 143 3131 391 3178; x_wconf 83' lang='lat' dir='ltr'><strong>Imprimatur</strong></span> <span class='ocrx_word' id='word_1_286' title='bbox 416 3134 474 3167; x_wconf 72' lang='lat' dir='ltr'><strong>Fr,</strong></span> <span class='ocrx_word' id='word_1_287' title='bbox 514 3135 682 3169; x_wconf 83' lang='lat' dir='ltr'><strong>Thomas</strong></span> <span class='ocrx_word' id='word_1_288' title='bbox 718 3135 839 3169; x_wconf 81' lang='lat' dir='ltr'><strong>Maria</strong></span> <span class='ocrx_word' id='word_1_289' title='bbox 879 3135 1024 3169; x_wconf 72' lang='lat' dir='ltr'><strong>Ferrari</strong></span> <span class='ocrx_word' id='word_1_290' title='bbox 1059 3135 1247 3180; x_wconf 75' lang='lat' dir='ltr'><strong>Magister</strong></span> <span class='ocrx_word' id='word_1_291' title='bbox 1287 3136 1390 3170; x_wconf 79' lang='lat' dir='ltr'><strong>Sacri</strong></span> <span class='ocrx_word' id='word_1_292' title='bbox 1422 3138 1552 3171; x_wconf 71' lang='lat' dir='ltr'><strong>Palatii</strong></span> <span class='ocrx_word' id='word_1_293' title='bbox 1584 3138 1828 3182; x_wconf 57' lang='lat' dir='ltr'><strong>Apmtolici*².</strong></span> 
     </span>
     <span class='ocr_line' id='line_1_43' title="bbox 31 3174 1254 3228; baseline 0.004 -17"><span class='ocrx_word' id='word_1_294' title='bbox 31 3174 104 3212; x_wconf 84' lang='lat' dir='ltr'><strong>cfr.</strong></span> <span class='ocrx_word' id='word_1_295' title='bbox 130 3178 337 3213; x_wconf 80' lang='lat' dir='ltr'><strong>Assemani</strong></span> <span class='ocrx_word' id='word_1_296' title='bbox 362 3179 447 3213; x_wconf 73' lang='lat' dir='ltr'><strong>Kal.</strong></span> <span class='ocrx_word' id='word_1_297' title='bbox 475 3179 577 3214; x_wconf 84' lang='lat' dir='ltr'><strong>Eccl.</strong></span> <span class='ocrx_word' id='word_1_298' title='bbox 604 3181 674 3216; x_wconf 90' lang='lat' dir='ltr'><strong>Un.</strong></span> <span class='ocrx_word' id='word_1_299' title='bbox 705 3181 769 3223; x_wconf 75' lang='lat' dir='ltr'><strong>IV,</strong></span> <span class='ocrx_word' id='word_1_300' title='bbox 796 3192 875 3226; x_wconf 86' lang='lat' dir='ltr'><strong>cap.</strong></span> <span class='ocrx_word' id='word_1_301' title='bbox 903 3181 966 3215; x_wconf 73' lang='lat' dir='ltr'><strong>IV.</strong></span> <span class='ocrx_word' id='word_1_302' title='bbox 994 3182 1028 3228; x_wconf 58' lang='grc' dir='ltr'><strong>ς.</strong></span> <span class='ocrx_word' id='word_1_303' title='bbox 1057 3181 1086 3215; x_wconf 89' lang='grc'><strong>1.</strong></span> <span class='ocrx_word' id='word_1_304' title='bbox 1113 3181 1254 3216; x_wconf 84' lang='lat' dir='ltr'><strong>Adnot.</strong></span> 
     </span>
    </p>
   </div>
  </div>
 </body>
</html>
