2243 3444
369 295 412 328 76
971 292 1152 326 Fontes
1201 290 1458 335 Liturgiae

326 447 450 475 verso
483 434 510 474 il
542 432 860 484 mezzogiorn0‚
908 443 932 471 o
965 443 1089 471 verso
1130 430 1154 471 l'
1176 429 1425 477 Occidente,
1474 428 1508 469 si
1541 441 1725 469 servono
1759 428 1802 469 di
1835 428 1995 481 quello,
2043 427 2114 469 del

329 492 455 544 quale
487 492 531 532 fu
563 494 716 532 autore
749 489 790 529 S.
825 489 1070 536 Gerolamo,
1113 490 1153 528 et
1185 487 1225 526 lo
1256 486 1485 527 cliiamano
1519 485 1755 534 Buchuiza,
1787 485 1815 526 il
1848 486 1976 538 quale
2006 485 2113 527 alfa-

328 549 430 590 beto
465 551 487 589 e
520 547 727 589 dissimile
759 548 784 587 a
815 546 913 586 tutti
947 545 1001 597 gli
1033 545 1128 586 altri
1173 544 1241 584 del
1272 544 1451 584 mondo.
1500 543 1552 583 Et
1583 543 1739 584 havete
1769 556 1795 584 a
1826 556 1992 596 sapere,
2035 543 2116 584 che

330 607 357 647 il
387 606 532 659 parlar
564 605 631 646 del
664 605 790 655 volgo
821 605 842 643 e
874 603 1017 655 quello
1050 602 1228 655 proprio
1263 601 1328 641 col
1363 601 1490 653 quale
1523 601 1878 641 continuamente
1911 600 2070 641 dicono
2102 600 2115 640 i

328 665 422 705 loro
456 663 598 718 officii,
642 666 682 703 et
715 661 813 701 tutti
844 661 992 713 popoli
1026 660 1050 699 Γ
1070 659 1325 706 intendon0‚
1375 671 1499 698 come
1530 658 1770 699 intendiam
1802 658 1875 699 noi
1908 658 1935 697 il
1967 658 2118 710 volgar

328 724 488 762 nostro.
538 721 569 761 E
602 718 869 771 amplissimo
903 718 945 758 di
976 716 1191 763 vocaboli,
1238 728 1309 756 ma
1350 715 1648 756 difficilissimo
1681 729 1706 756 a
1736 715 1946 768 proferire
1988 728 2014 756 a
2047 715 2116 756 chi

328 792 416 820 non
448 781 469 818 e
501 778 673 818 nodrito
706 777 769 816 fra
799 775 906 822 loro,
940 778 980 815 et
1010 787 1064 814 ne
1097 775 1257 822 hanno,
1291 773 1475 823 Messali,
1509 773 1729 821 Breviarii‚
1759 776 1800 813 et
1833 771 1968 814 Officii
2003 773 2116 813 della

329 836 488 877 Nostra
519 835 674 875 Donna
707 836 748 873 et
779 845 889 873 anco
922 832 962 873 la
995 832 1172 872 Biblia.“

464 925 577 970 Apud
593 924 636 957 A.
656 922 825 957 Banduri
842 922 1047 968 Imperium
1069 920 1275 963 Orientale,
1293 920 1366 955 vol.
1385 920 1434 963 II,
1453 920 1613 955 Parisiis
1631 921 1730 964 1771,
1748 920 2117 955 Animadversiones

328 973 368 1006 in
395 972 519 1006 Const.
546 968 871 1015 Porphyrogeniti
896 969 955 1002 De
981 967 1090 1001 Adm.
1118 968 1206 1013 imp.
1232 979 1265 1013 p.
1295 967 1359 1001 116
1372 977 1400 1001 S.

875 1133 978 1173 247.
1012 1129 1164 1171 XVII
1187 1143 1235 1180 s.‚
1267 1130 1313 1171 in
1343 1129 1580 1170 Dalmatia.

469 1225 667 1268 Guilelmi
700 1223 876 1265 Postelli
910 1223 1003 1263 Itali
1036 1223 1089 1263 de
1121 1235 1202 1263 usu
1237 1221 1425 1275 generali
1456 1221 1617 1275 vigenti
1647 1221 1847 1273 liturgiae
1880 1219 2118 1273 Glagolito-

331 1297 557 1337 Romanae
590 1295 631 1334 in
664 1293 879 1334 Dalmatia
910 1292 1220 1333 testimonium.

474 1386 725 1438 „Tzerviani
768 1398 843 1426 seu
886 1384 1097 1425 Pozniani
1139 1384 1204 1424 usi
1236 1386 1336 1425 sunt
1369 1383 1704 1425 Characteribus
1746 1381 1998 1435 Hieronymi
2043 1393 2120 1422 seu

334 1445 598 1493 Dalmaticis,
642 1448 688 1484 ut
729 1443 876 1495 lingua
923 1443 1000 1482 fuit
1047 1442 1290 1483 communis
1337 1440 1588 1490 Pannoniis,
1634 1439 1846 1492 IllyribUS,
1892 1439 2114 1488 Dalmatis,

333 1504 472 1556 Mysis.
510 1527 551 1531 —
591 1501 760 1551 Quibus
806 1500 1095 1552 Hieronymus
1144 1500 1414 1540 characteres
1460 1498 1622 1550 reperit
1665 1502 1711 1538 ut
1745 1498 1787 1538 in
1821 1510 1866 1538 re
1898 1496 2120 1537 differrent

335 1561 462 1602 etiam
495 1573 520 1600 a
552 1559 732 1600 caeteris
763 1557 1028 1605 nationibus,
1062 1558 1173 1597 sicut
1205 1560 1245 1597 et
1277 1556 1446 1608 lingua:
1494 1555 1623 1596 etiam
1656 1555 1853 1605 fortasse,
1884 1557 1931 1595 ut
1963 1555 2006 1594 in
2037 1554 2121 1595 hac

333 1631 378 1660 re
410 1630 569 1659 nomeu
616 1618 893 1657 consecravet
938 1614 1265 1655 immortalitati.
1308 1637 1363 1642 —
1407 1613 1527 1654 Idem
1575 1613 1865 1665 Hieronymus
1909 1615 2032 1653 vetus
2078 1613 2121 1652 et

332 1688 494 1717 novum
527 1675 858 1715 instrumentum
892 1685 990 1714 cum
1022 1672 1232 1713 sacrificio
1257 1674 1297 1712 et
1318 1671 1644 1724 precationibus
1675 1671 1888 1719 traducta,
1922 1682 1974 1710 eo
2007 1668 2121 1710 Idio-

334 1736 448 1774 mate
494 1732 678 1784 reliquit.
727 1730 793 1772 lta
835 1730 1097 1772 Sacerdotes
1144 1742 1307 1775 omnes,
1358 1733 1397 1769 et
1439 1730 1629 1781 populus
1675 1727 1900 1780 praedicat
1940 1727 1984 1767 in
2026 1728 2119 1767 tota

334 1790 560 1831 Dalmatia.
595 1789 878 1829 Excuduntur
909 1788 1110 1840 permulti
1143 1787 1382 1828 admodum
1414 1787 1510 1827 libri
1542 1787 1697 1827 harum
1730 1786 1914 1827 duarum
1946 1785 2115 1836 lingua-

333 1861 427 1888 rum
458 1847 658 1896 Venetiis,
691 1849 738 1886 ut
769 1846 852 1886 illic
883 1846 1223 1887 distrahuntur.“

470 1937 584 1983 Apud
602 1938 644 1970 A.
665 1936 835 1970 Banduri
852 1936 1061 1982 Imperium
1080 1935 1286 1979 Orientale,
1303 1934 1377 1970 vol.
1396 1934 1446 1978 II,
1465 1935 1620 1970 Parisiis
1641 1934 1738 1977 1771,
1758 1933 2122 1969 Animadversiones

333 1985 371 2018 in
398 1984 527 2019 Const.
555 1982 878 2028 Porphyrogeniti
903 1983 961 2016 De
987 1982 1097 2016 Adm.
1123 1983 1223 2028 imp,
1248 1994 1281 2027 p.
1310 1981 1386 2015 117.

824 2147 926 2187 248.
960 2144 1113 2186 XVII.
1147 2157 1193 2195 s.,
1226 2145 1422 2185 Krmc'ine
1451 2143 1627 2185 Jadren.

471 2237 747 2279 Restauratio
791 2238 997 2278 ecclesiae
1042 2237 1304 2290 parochialis
1345 2237 1391 2277 B.
1442 2235 1487 2277 V.
1521 2235 1681 2276 Mariae
1722 2235 1766 2275 in
1799 2233 2001 2275 Krmcine
2043 2233 2116 2275 Ja-

336 2308 502 2349 drensis
549 2308 800 2348 dioeceseos
842 2306 1121 2359 inscriptione
1154 2305 1412 2358 glagolstica,
1460 2304 1703 2358 parochum
1735 2303 1968 2345 Martinum
2001 2314 2121 2343 com-

335 2380 615 2425 memorante,
649 2376 893 2417 architravo
925 2378 1079 2428 portae
1112 2375 1328 2427 insculpta
1358 2373 1596 2415 memoriae
1629 2373 1927 2414 comendatur.

474 2467 531 2500 Ex
555 2471 689 2501 nostra
712 2465 996 2513 photographia
1021 2465 1111 2500 anni
1136 2465 1234 2499 1904.

832 2630 933 2669 249.
970 2626 1125 2671 XVII.
1161 2640 1209 2679 s.,
1241 2627 1417 2679 Birbinj
1447 2626 1624 2668 Jadren.

474 2722 685 2773 Imagines
718 2721 980 2762 Sanctorum
1012 2721 1143 2762 Blasii
1176 2720 1382 2773 Episcopi
1407 2722 1448 2760 et
1472 2718 1644 2770 Georgii
1676 2717 1873 2770 Martyris
1905 2717 1948 2757 in
1975 2716 2125 2758 tabula

338 2791 481 2831 altaris
513 2791 729 2831 ecclesiae.
766 2790 806 2831 S.
841 2790 984 2839 Blasii,
1017 2803 1148 2842 quam
1180 2789 1284 2829 XVI.
1319 2788 1493 2830 saeculo
1526 2787 1685 2828 nobilis
1719 2788 1868 2839 Soppe
1901 2784 2121 2826 Jadrensis

338 2860 380 2899 in
415 2860 590 2900 castello
637 2859 814 2900 Birbinii
861 2858 1035 2899 Insulae
1082 2858 1256 2899 Maioris
1304 2856 1524 2898 Jadrensis
1567 2856 1821 2897 dioeceseos
1863 2854 1954 2895 fieri
1986 2853 2123 2902 iussit,¹

338 2928 689 2980 inscriptionibus
737 2927 990 2979 glagoliticis
1037 2927 1219 2979 depictis
1265 2926 1543 2966 illustrantur.
1591 2923 1640 2964 In
1674 2924 1829 2965 eodem
1870 2921 1993 2964 altari
2037 2924 2124 2962 tres

335 2996 506 3037 tabulae
538 2997 690 3037 Missae
722 2996 1007 3037 celebrandae
1030 2995 1283 3048 glagoliticis
1315 2993 1637 3036 characteribus
1666 2991 1783 3033 XVII
1815 2991 1978 3033 saeculi
2011 2990 2123 3045 typis

337 3065 572 3117 impressae
604 3067 814 3117 prostant.

473 3155 531 3187 Ex
556 3160 688 3189 nostro
715 3154 936 3201 apographo
963 3155 1053 3189 anni
1079 3155 1176 3189 1904.

2190 3356 2220 3444 ἧμψ·
2196 3305 2206 3316 ‚-
