2243 3444
409 99 451 131 10
1097 90 1282 125 Fontes
1320 89 1560 135 liturgiae

2090 150 2231 157 ..n-——.

406 239 587 283 jugoslar.
610 238 669 276 lv,
698 237 895 281 Zagabriac
917 238 1005 268 1857
1028 245 1061 276 p.
1084 237 1150 266 370
1173 233 1285 266 refert
1307 233 1487 277 integram
1516 232 1826 284 Adnotationenn
1846 233 1883 266 in
1910 233 2035 279 lingua
2061 233 2230 279 originali

409 286 586 319 (jmiicem
605 295 692 318 vero
710 282 958 317 XIIIsa‹·c11Io
975 282 1126 314 exeunti
1139 281 1194 313 vel
1213 280 1299 313 XIV
1315 280 1454 313 ineunti
1472 280 1647 312 tribuens.
1672 279 1743 313 Ctr.
1767 282 1862 313 Acta
1877 280 2047 314 Croatica
2059 280 2229 314 eiusdem

410 336 491 372 3183
521 327 679 373 Surmin,
703 333 796 365 Acta
818 331 979 363 croatica
994 329 1019 368 I,
1041 328 1240 373 Zagabriae
1261 329 1362 366 1898,
1384 330 1438 361 94.

903 495 965 522 22.
999 495 1118 533 1390,
1157 481 1193 522 C
1197 481 1412 534 lepardiae
1444 480 1738 534 (Varsavien.)

550 593 808 632 wladislaus
842 591 887 629 ll.
916 590 1095 643 jagiello
1129 601 1205 628 rex
1240 601 1339 628 cum
1362 588 1549 641 Hedvigi
1583 590 1729 642 regina
1750 591 2060 630 monasterium
2081 589 2232 632 Slavo-

409 678 499 705 rum
536 664 695 703 ordinis
729 662 875 701 Sancti
907 660 1130 700 Benedicti
1164 658 1418 711 Clepardiae
1451 659 1531 698 sub
1565 660 1688 699 titulo
1723 658 1907 700 Sanctae
1949 659 2098 701 Crucis
2137 662 2232 701 fun-

410 736 493 783 dat,
539 742 579 774 et
631 734 777 773 fratres
829 732 1161 770 Emmautenses
1206 730 1339 782 Praga
1383 731 1575 778 accersit,
1619 729 1853 770 Slavonico
1898 731 2121 781 idiomate,
2151 734 2232 772 ritu

409 806 585 858 quidem
620 805 830 850 Romano,
863 802 1005 841 divina
1037 800 1180 840 officia
1213 801 1515 840 celebraturos.

547 887 867 938 Sempiternum
903 884 1164 932 memoriale,
1197 896 1284 935 quo
1319 884 1547 923 clementia
1580 883 1889 936 Redemptoris
1911 896 2048 938 genus
2080 884 2232 926 Slavo-

410 949 553 987 nicum
588 946 740 985 extulit
781 953 822 984 et
873 942 1050 982 mirifice
1089 943 1326 991 honoravit,
1359 943 1567 982 donando
1601 943 1658 982 illi
1693 945 1871 995 gratiam
1904 945 2153 995 specialem,
2185 951 2232 985 ut

410 1008 553 1046 omnia
586 1018 703 1045 sacra
747 1003 889 1043 officia
932 1010 972 1041 et
1005 1015 1070 1041 res
1113 1002 1282 1041 divinae
1326 1009 1412 1041 tam
1458 1008 1695 1041 nocturnae
1740 1015 1871 1054 quam
1915 1003 2108 1052 diurnae,
2139 1005 2233 1056 ipsa

408 1078 583 1117 quoque
616 1075 831 1104 sacrarum
864 1063 1089 1101 missarum
1110 1073 1263 1100 arcana
1295 1061 1502 1100 idiomate
1535 1061 1607 1100 illo
1640 1068 1820 1112 possent
1852 1062 2058 1102 celebrari
2091 1061 2230 1115 (quod

409 1125 569 1163 nemini
601 1123 717 1162 alteri
750 1122 982 1173 linguagio,
1016 1127 1317 1172 praeterquam
1352 1119 1535 1168 Graeco,
1568 1120 1722 1159 Latino
1744 1127 1786 1160 et
1807 1120 2009 1162 Hebraeo
2032 1122 2232 1162 videmus

409 1184 654 1234 contigisse,
675 1193 858 1232 quorum
883 1179 1166 1219 excellentiae
1189 1181 1316 1218 etiam
1339 1180 1509 1219 bonitas
1531 1178 1674 1218 divina
1695 1177 1975 1220 Slavonicum
2003 1178 2234 1234 aequavit),

408 1241 667 1281 Wladislaus
701 1239 919 1279 secundus
964 1239 1169 1278 Poloniae
1211 1238 1307 1277 Rex
1353 1251 1453 1278 cum
1487 1245 1691 1278 consorte
1724 1251 1800 1278 sua
1831 1238 2034 1292 Hedvigi,
2072 1239 2233 1280 femina

409 1302 565 1341 devota
598 1307 638 1339 et
671 1300 948 1345 nobilissima,
991 1297 1187 1337 volentes
1232 1299 1360 1337 etiam
1406 1299 1446 1336 in
1493 1297 1693 1350 Regnum
1735 1297 1942 1338 Poloniae
1975 1298 2233 1346 diffundere„

351 1385 355 1388 -
411 1367 453 1400 et
497 1360 552 1398 de
603 1359 911 1409 multiplicibus
945 1356 1168 1396 beneficiis
1203 1363 1244 1395 et
1278 1357 1477 1404 victoriis,
1528 1357 1730 1396 divinitus
1764 1370 1817 1396 eo
1850 1369 1965 1397 anno
1998 1359 2060 1397 eis
2109 1370 2232 1409 prae-

409 1420 528 1466 stitis,
549 1417 778 1457 ostendere
802 1428 901 1468 erga
934 1415 1077 1455 Deum
1111 1415 1417 1468 gratitudInem
1453 1423 1493 1454 et
1528 1415 1867 1455 munificentiam
1889 1417 2079 1469 regalem
2113 1414 2233 1469 (Cod.

408 1477 504 1517 Ant.
526 1473 794 1529 regularem),
816 1476 975 1514 incitati
998 1475 1238 1525 exemplari
1259 1475 1397 1523 simili,
1419 1475 1539 1526 quod
1562 1476 1602 1513 in
1625 1477 1796 1514 civitate
1827 1475 2030 1529 Pragensi
2051 1475 2234 1516 habetur

410 1536 716 1576 monasterium
749 1533 974 1575 Slavorum
1011 1534 1173 1573 ordinis
1196 1532 1342 1573 Sancti
1376 1533 1611 1582 Benedicti,
1627 1540 1668 1573 et
1700 1534 1781 1573 sub
1814 1533 1907 1586 ejus
1940 1535 2122 1587 regulari
2155 1537 2234 1575 ob·

409 1596 616 1635 servantia
649 1594 911 1641 duraturum,
944 1594 1023 1632 sub
1057 1593 1221 1632 honore
1267 1600 1308 1632 et
1351 1593 1475 1632 titulo
1509 1591 1694 1633 Sanctae
1727 1591 1889 1643 Crucis,
1931 1601 2052 1633 extra
2086 1606 2233 1635 muros

410 1654 716 1696 Cracovienses
731 1654 771 1692 in
788 1652 953 1704 oppido
967 1652 1254 1702 Kleparz,non
1276 1652 1406 1705 longe
1427 1666 1450 1691 a
1470 1651 1622 1691 Fluvio
1643 1652 1846 1702 Rudawa,
1878 1654 1959 1692 sub
1980 1652 2234 1704 pontificatu

409 1713 518 1753 Petri
554 1711 703 1752 &Visch
737 1712 930 1763 episcopi
962 1709 1270 1759 Cracoviensis‚
1304 1711 1406 1750 feria
1449 1712 1597 1763 quinta
1618 1718 1718 1762 post
1739 1711 1897 1751 testum
1919 1713 2053 1751 sancti
2082 1712 2232 1765 Jacobi

410 1772 623 1824 Apostoli,
675 1770 867 1818 fundant,
917 1770 1112 1810 condunt
1163 1779 1203 1809 et
1255 1770 1419 1818 dotant,
1470 1778 1511 1809 et
1544 1770 1836 1821 pulcherrimo
1882 1783 2005 1811 muro
2050 1771 2232 1812 lateritio

411 1833 633 1870 circuitum
697 1830 905 1869 ecclesiae
949 1836 1036 1868 tam
1089 1828 1206 1868 chori
1258 1842 1388 1881 quam
1441 1831 1647 1880 corporis,
1698 1842 1831 1881 opere
1880 1836 2140 1882 sumptuoso
2191 1837 2234 1871 et

411 1889 640 1941 magnifico
692 1889 930 1941 designant,
973 1889 1242 1939 chorumque
1275 1889 1471 1928 eiusdem
1517 1889 1728 1928 ecclesiae
1772 1901 1872 1928 cum
1906 1890 2095 1929 sacristia
2139 1902 2234 1941 per-

411 1949 557 1989 ficiunt
589 1955 631 1988 et
664 1954 949 1995 cosummant,
982 1949 1175 1998 corporis
1197 1960 1298 1987 vero
1332 1947 1613 1987 fundamenta
1646 1948 1788 1987 solum
1821 1948 1996 1998 iaciunt;
2023 1948 2234 2001 quemad-

411 2008 593 2047 modum
635 2019 771 2058 usque
816 2008 855 2045 in
889 2012 1160 2057 praesentem
1196 2006 1311 2046 diem
1354 2007 1397 2046 id
1432 2019 1578 2046 coram
1612 2019 1787 2046 cernere
1818 2007 1930 2047 licet.
1961 2006 2018 2047 Et
2049 2007 2233 2048 domum

412 2080 488 2117 pro
524 2067 783 2105 monasterio
834 2066 1020 2118 ligneam
1043 2078 1141 2104 cum
1176 2065 1300 2105 horto
1335 2072 1601 2114 construunt,
1634 2066 1870 2118 fratresque
1891 2079 1948 2106 ex
1970 2068 2233 2107 monasterio

411 2126 610 2177 Pragensi
653 2131 850 2175 sumptos
902 2126 942 2162 in
992 2125 1105 2163 illam
1158 2125 1451 2172 introducunt,
1485 2125 1638 2164 dantes
1670 2126 1731 2165 eis
1775 2138 1854 2176 pro
1899 2125 2004 2166 dote
2036 2126 2234 2178 quamvis

412 2186 539 2231 tenui,
571 2185 716 2236 viginti
751 2196 914 2222 marcas
948 2183 1125 2235 singulis
1158 2185 1279 2223 annis
1313 2184 1368 2223 de
1402 2185 1604 2224 censibus
1638 2191 1678 2223 et
1716 2185 1998 2235 proventibus
2040 2185 2234 2225 thelonei

413 2242 723 2283 Cracoviensis:
747 2256 769 2281 a
791 2243 946 2294 quibus
972 2255 1109 2294 usque
1130 2243 1184 2282 ad
1207 2256 1303 2282 mea
1340 2251 1539 2294 tempora
1571 2249 1613 2282 et
1645 2243 1726 2283 sub
1759 2245 1868 2283 meis
1889 2243 2026 2283 oculis
2048 2244 2232 2284 ecclesia

413 2303 479 2341 illa
502 2300 684 2341 Sanctae
716 2300 876 2348 Crucis,
910 2308 951 2340 et
994 2302 1034 2339 in
1080 2314 1123 2340 re
1168 2302 1310 2341 divina
1356 2309 1398 2342 et
1442 2304 1483 2341 in
1528 2303 1746 2342 matutinis
1767 2301 1973 2355 horisque
2000 2304 2233 2351 canonicis,

414 2362 678 2411 caeterisque
701 2361 971 2399 caerimoniis
993 2360 1306 2409 ecclesiasticis,
1327 2374 1488 2400 sonoro
1522 2369 1648 2401 cantu
1683 2368 1724 2401 et
1756 2361 1942 2401 lectione
1962 2363 2003 2400 in
2026 2361 2233 2402 idiomate

415 2418 644 2459 Slavonico
678 2426 718 2457 et
751 2431 826 2468 per
859 2419 1097 2458 monachos
1119 2419 1354 2472 fratresque
1388 2419 1534 2460 Sancti
1556 2419 1778 2460 Benedicti
1811 2427 1853 2460 et
1885 2419 2156 2461 officiabatur
2192 2427 2236 2461 et

414 2478 795 2517 administrabatur.
817 2476 1136 2517 Deliberaverat
1162 2480 1321 2518 'autem
1370 2479 1680 2519 illustrissimus
1721 2479 1983 2519 VVladislaus
2029 2479 2234 2520 Poloniae

414 2537 507 2576 Rex
543 2549 639 2575 cum
675 2549 749 2575 sua
781 2536 1048 2575 nobilissima
1082 2548 1281 2577 consorte
1324 2537 1521 2591 Hedvigi,
1555 2539 1816 2578 monasterio
1851 2545 1893 2577 et
1924 2538 2024 2578 loco
2057 2539 2100 2579 ili
2132 2538 2234 2579 dare

414 2595 602 2646 amplam
636 2595 797 2643 dotem,
830 2607 939 2647 quae
971 2596 1139 2647 triginta
1173 2596 1423 2642 monachos,
1456 2604 1624 2648 praeter
1656 2597 1762 2637 alios
1806 2596 2035 2638 familiares
2068 2604 2110 2638 et
2147 2610 2234 2638 ser-

414 2655 582 2701 vitores,
625 2661 862 2693 sustentare
907 2655 1135 2704 potuisset;
1180 2656 1489 2696 deliberaverat
1533 2657 1660 2695 etiam
1706 2663 1748 2696 et
1779 2656 2089 2696 monasterium
2133 2669 2234 2697 cum

414 2713 617 2751 omnibus
650 2712 767 2751 cellis
809 2720 850 2752 et
883 2712 1065 2752 officinis
1116 2715 1202 2753 suis
1253 2715 1433 2754 lateritio
1485 2727 1609 2755 muro
1660 2715 1883 2755 fabricare:
1934 2715 2013 2755 sed
2064 2716 2233 2756 interim

415 2772 579 2823 Regina
611 2771 843 2810 clarissima
875 2771 1084 2824 Hedvigis
1105 2780 1219 2812 sorte
1241 2773 1354 2812 fatali
1387 2776 1599 2813 abstracta
1632 2781 1707 2814 est.
1740 2773 1835 2824 Qua
1868 2775 2070 2824 obeunte,
2092 2775 2234 2814 omnis

415 2830 554 2875 ardor,
591 2830 645 2868 ad
668 2843 797 2881 quem
820 2829 936 2868 illum
961 2831 1134 2870 stimulo
1169 2844 1247 2870 suo
1282 2832 1444 2881 Regina
1478 2832 1689 2885 Hedvigis
1711 2834 1970 2882 concitabat,
1990 2834 2233 2874 exstinctus

417 2896 492 2936 est,
525 2896 564 2927 et
597 2901 727 2927 omne
761 2901 870 2939 opus
916 2901 1053 2940 usque
1085 2891 1138 2928 ad
1185 2891 1299 2929 diem
1335 2891 1456 2939 hanc,
1490 2893 1720 2944 omnisque
1753 2892 1911 2932 fabrica
1950 2892 2160 2932 ecclesiae
2191 2898 2234 2933 et

417 2949 660 2988 monasterii
696 2948 943 2987 intermissa.
