2191 3434
611 312 1153 355 Olagolito-Romanae
1180 314 1329 349 XIX.s.
1767 317 1811 351 65

743 551 811 591 74.
851 551 987 600 1871,
1011 549 1199 603 Jadrerz.

225 657 472 696 Dominium
507 657 772 697 Austriacum
807 657 920 708 apud
965 657 1352 708 Archiepiscopum
1395 658 1641 708 Jadrensem
1691 661 1857 700 Petrum

81 727 315 767 Domnium
361 729 552 778 Maupas,
600 732 643 767 ut
684 729 848 779 liturgia
894 728 1344 779 Glagolito-Romana
1390 730 1429 768 in
1471 730 1633 770 diocesi
1667 732 1857 781 jadrensi

81 811 294 849 supressa,
330 800 450 839 latina
496 800 639 850 lingua
673 801 712 838 in
747 801 876 839 sacris
917 801 956 838 in
992 801 1194 839 omnibus
1240 801 1454 850 parochiis
1502 801 1686 842 foraneis
1734 804 1859 842 intro-

82 870 271 917 ducatur,
307 871 450 918 instat;
486 871 562 910 sed
598 871 710 910 idem
746 871 1098 921 archiepiscopus
1133 872 1339 921 privilegii
1374 873 1594 912 nationalis
1629 875 1858 923 speciosis-

81 944 173 983 simi
208 944 575 982 conservationem
609 947 759 984 tuetur.

224 1034 300 1070 Cfr.
316 1035 521 1079 Epistolam
539 1035 899 1081 Quadragesinalem
914 1036 1104 1079 Jadrensis
1120 1036 1393 1080 archiepiscopi
1414 1037 1509 1072 Petri
1526 1037 1678 1071 Domnii
1694 1037 1855 1081 Maupas

79 1093 210 1118 mense
237 1082 438 1118 Februario
470 1084 554 1118 1881
588 1083 724 1126 datam,
752 1083 845 1118 infra
872 1084 935 1118 Nr.
955 1084 1012 1119 87.

736 1263 805 1304 75.
845 1263 902 1304 18
912 1264 981 1313 74,
1006 1261 1199 1317 Jaclrae.

222 1368 417 1410 Manuale
453 1370 585 1410 Chori
620 1382 698 1421 pro
734 1371 876 1410 Missis
911 1369 1191 1420 Glagoliticis‚
1227 1371 1449 1410 sacerdote
1483 1370 1692 1411 Michaele
1728 1373 1857 1411 Pavli-

78 1440 203 1481 novic'
237 1445 421 1490 curante,
458 1445 496 1481 et
529 1442 858 1492 archiepiscopo
892 1442 1083 1492 jadrensi
1119 1442 1240 1481 Petro
1277 1442 1466 1481 Domnio
1490 1444 1668 1493 Maupas
1702 1456 1857 1494 appro-

79 1512 217 1560 bante,
252 1513 566 1552 characteribus
601 1511 734 1552 latinis
769 1513 1031 1562 imprimitur.

222 1606 343 1677 :Svete
378 1608 498 1656 Mise,
533 1608 630 1658 koje
653 1619 697 1647 se
723 1608 887 1658 pievaju
911 1620 968 1657 po
993 1608 1216 1646 hrvatskim
1239 1612 1431 1657 iupama‚
1465 1608 1652 1658 priredio
1678 1610 1733 1647 M.
1759 1610 1856 1648 Pav-

78 1664 393 1766 lmowclsslssll
429 1725 668 1766 Admittitur
701 1739 797 1765 cum
842 1726 1108 1774 advertentia‚
1152 1727 1365 1765 neminem
1409 1726 1679 1766 sacerdotum
1726 1739 1856 1777 posse

79 1785 134 1824 uti
157 1785 294 1824 hocce
328 1783 474 1825 libello
509 1787 548 1824 in
583 1784 791 1835 lithurgia,
827 1798 936 1835 quae
970 1786 1283 1824 characteribus
1314 1784 1566 1835 glagoliticis
1591 1786 1712 1834 edita,
1746 1787 1855 1836 juxta

78 1842 250 1884 Missale
285 1845 522 1887 Romanum
556 1849 713 1884 tantum
748 1846 939 1884 adhiberi
975 1850 1125 1895 potest.

216 1904 274 1942 Ex
305 1903 673 1954 Archiepiscopali
709 1904 835 1944 Curia
868 1904 1044 1954 jaderae
1079 1904 1146 1943 die
1182 1906 1249 1943 25.
1277 1904 1489 1943 Februarii
1529 1906 1650 1944 1874.

792 2004 815 2044 †
849 1999 994 2038 Petrus
1028 1999 1241 2038 Domnius
1275 1999 1639 2049 Archiepiscopus
1674 2012 1726 2038 m:
1754 2012 1793 2050 p.

630 2188 699 2229 76.
740 2188 876 2238 1877,
911 2187 1102 2236 Martio,
1126 2186 1315 2240 jadrae.

219 2307 383 2346 Doctor
416 2307 623 2346 Antonius
658 2308 817 2354 Franki‚
854 2307 1075 2357 professor
1110 2307 1320 2346 Historiae
1345 2307 1661 2346 Ecclesiasticae
1685 2310 1724 2346 et
1745 2308 1852 2357 Juris

77 2378 355 2417 Ecclesiastici
390 2377 429 2417 in
464 2377 698 2418 Seminario
732 2379 1004 2429 Theologico
1041 2379 1237 2425 Centrali,
1274 2379 1327 2417 de
1361 2378 1501 2417 studio
1546 2379 1716 2428 linguae
1752 2378 1849 2417 Gla-

77 2449 274 2499 goliticae
321 2450 359 2488 in
403 2449 556 2488 eodem
593 2449 827 2489 Seminario
861 2462 910 2490 ac
945 2450 997 2489 de
1032 2461 1110 2489 usu
1146 2450 1337 2503 liturgiae
1374 2449 1851 2499 Glagolito-Romanae

77 2522 265 2558 testatum
299 2520 413 2559 facit:

223 2615 289 2661 „ln
324 2619 474 2665 questo
511 2615 744 2655 Seminario
779 2617 811 2655 si
848 2615 868 2656 ὲ
903 2628 1072 2666 sempre
1114 2620 1359 2655 conservata
1402 2616 1487 2654 tino
1523 2616 1558 2654 al
1594 2612 1633 2653 di
1670 2615 1709 2652 d'
1746 2615 1848 2664 oggi

78 2673 114 2711 la
147 2674 330 2713 cattedra
365 2675 475 2724 pella
510 2676 652 2725 lingua
677 2676 972 2725 paleoslavica.
1009 2676 1140 2726 Dopo
1163 2676 1366 2725 compiuti
1391 2676 1446 2724 gli
1472 2675 1610 2717 studii,
1634 2674 1699 2712 chi
1724 2675 1849 2712 vuole

77 2731 164 2782 pub
201 2734 417 2772 celebrare
464 2735 500 2772 la
535 2746 566 2774 s.
602 2735 742 2773 Messa
778 2747 798 2774 e
834 2736 1007 2774 recitare
1042 2736 1065 2773 il
1102 2735 1309 2773 breviario
1356 2735 1393 2772 in
1441 2734 1661 2783 glagolito.
1709 2733 1848 2771 Trovo

78 2790 182 2840 per'o
231 2794 335 2831 assai
371 2794 469 2832 utile
515 2794 594 2832 che
629 2795 653 2832 il
689 2798 835 2833 nostro
871 2795 986 2833 clero
1031 2794 1207 2843 adoperi
1252 2794 1376 2832 ambe
1411 2794 1447 2832 le
1483 2793 1638 2841 lingue.
1687 2792 1728 2830 lo
1764 2804 1848 2830 non

77 2861 187 2890 sono
231 2863 287 2890 un
326 2853 602 2899 „adoratore“
642 2853 709 2892 del
756 2854 976 2903 glagolito,
1027 2865 1092 2891 ma
1139 2864 1190 2891 ne
1225 2864 1335 2891 sono
1371 2864 1425 2890 un
1471 2853 1638 2890 sincero
1674 2851 1847 2890 cultore.

76 2908 194 2949 Tutte
229 2911 267 2949 le
302 2923 440 2950 messe
487 2912 565 2950 che
611 2912 669 2951 ho
712 2916 870 2951 cantate
904 2912 1051 2959 tinora,
1096 2910 1133 2950 le
1168 2912 1223 2949 ho
1269 2914 1426 2949 cantate
1462 2912 1500 2948 in
1536 2910 1755 2958 glagolito,
1792 2909 1847 2946 ho

78 2972 239 3008 cantato
275 2981 296 3008 e
331 2971 500 3009 recitato
536 2969 606 3021 piu
641 2972 751 3010 volte
786 2973 824 3010 in
860 2971 969 3010 detta
1004 2971 1145 3020 lingua
1180 2973 1280 3009 tutte
1315 2970 1352 3008 le
1387 2981 1460 3007 ore
1490 2981 1511 3007 e
1536 2969 1576 3006 lo
1599 2967 1687 3006 faro
1713 2968 1846 3005 anche

78 3027 116 3065 in
150 3029 356 3069 avvenire.
391 3030 443 3068 La
477 3029 516 3070 S.
553 3029 663 3069 Sede
698 3032 733 3069 ci
769 3031 819 3069 ha
855 3041 1066 3069 concesso
1101 3033 1252 3079 questo
1288 3028 1586 3067 straordinario
1619 3038 1639 3064 e
1664 3027 1729 3064 bel
1757 3037 1847 3075 pre-

77 3086 248 3137 vilegio,
283 3087 440 3138 perche
475 3101 561 3128 non
596 3089 848 3129 dovremmo
884 3089 1138 3138 adoperarlo
1175 3100 1195 3127 e
1231 3087 1516 3126 ditenderlo?“

219 3191 261 3226 A.
289 3191 432 3234 Franki‚
461 3192 722 3236 Zmajevic'evo
753 3193 972 3236 Sjemenistc
1000 3193 1034 3225 in
1063 3191 1209 3234 ephcm.
1228 3190 1395 3233 jadrensi
1425 3190 1471 3223 La
1499 3188 1688 3222 Dalmazia
1716 3187 1847 3221 Catto-

76 3236 145 3272 lica
167 3239 268 3281 1877,
295 3239 358 3275 Nr.
381 3240 434 3281 12,
461 3241 505 3274 25
533 3240 666 3275 Martii.

147 3313 260 3354 Jeme,
283 3320 448 3355 formis,
470 3322 543 3348 pars
565 3321 610 3348 ιιι.
1757 3304 1776 3337 5
