2191 3434
504 294 1043 341 Glag'olisso-Romanae
1091 294 1274 330 XVIII.
1324 307 1358 331 s.
1745 298 1790 333 33

28 436 230 490 giaciono
271 435 297 476 Γ
318 449 418 477 ossa
459 436 527 476 del
573 436 753 477 defunto
795 437 930 477 Mons.
966 436 1258 478 Arcivescovo
1302 435 1563 491 Zmajevicli,
1612 438 1833 479 Istitulore

30 495 99 536 del
132 494 378 535 Seminario
411 496 564 541 stesso,
598 494 651 534 ed
684 495 739 534 ivi
777 495 959 535 recitare
981 494 1023 534 in
1048 494 1200 535 Illirico
1234 496 1257 535 I'
1281 495 1435 536 Officio
1460 495 1513 535 de
1548 496 1733 544 Defonti‚
1757 509 1835 548 per

27 552 53 593 l'
71 552 219 594 anima
251 552 290 592 d’
311 565 407 593 esso
440 552 734 593 Arcivescovo
768 553 1034 593 Institutore.
1072 576 1118 581 -—
1145 577 1192 581 —

29 690 61 732 C
128 632 295 732 οἱΧΙΧΣΤ.
337 633 481 674 Tanto
525 632 552 673 il
600 633 794 681 Rettore,
843 633 923 674 che
966 632 994 673 li
1036 633 1209 674 Maestri
1254 636 1294 674 et
1337 634 1512 674 Allunni
1551 635 1774 676 osservino
1806 635 1835 675 li

67 704 139 745 apl
163 704 187 732 o
208 704 233 732 1.

166 888 198 929 II
229 889 432 941 presente
463 887 747 928 Manuscritto
782 887 823 928 di
867 887 987 939 Folgi
1020 890 1085 928 tre
1118 887 1171 928 ed
1203 901 1262 929 un
1295 890 1467 941 quarto,
1511 889 1763 930 continente
1794 890 1833 931 le

26 945 193 997 Regole
238 945 306 987 del
355 945 600 987 Seminario
642 944 799 986 Illirico
842 945 885 986 in
925 946 992 986 25.
1039 945 1226 998 Capitoli
1269 946 1313 987 fu
1356 946 1412 987 da
1445 949 1513 987 me
1557 947 1653 988 Don
1687 947 1831 989 Pietro

28 1002 265 1052 Marellich‚
298 1003 523 1044 Econonio
557 1003 627 1044 del
660 1003 781 1044 detto
806 1003 1063 1052 Seminario,
1099 1006 1278 1045 estratto
1313 1004 1370 1046 da
1402 1005 1511 1046 altro
1545 1005 1830 1047 Manuscritto

27 1061 177 1110 simile,
211 1061 292 1103 che
323 1061 358 1102 si
389 1063 514 1102 trova
554 1061 667 1102 nella
710 1061 905 1102 Libreria
946 1062 1014 1102 del
1048 1061 1293 1103 Seminario
1327 1064 1466 1103 stesso
1510 1063 1553 1103 in
1586 1076 1644 1103 un
1677 1064 1832 1104 Arnie-

26 1132 134 1160 rone
165 1132 190 1161 a
232 1119 318 1160 due
360 1119 556 1172 portelle,
599 1132 808 1172 appresso
856 1119 979 1160 molti
1022 1119 1117 1160 altri
1159 1120 1322 1162 libretti
1368 1121 1522 1162 Illirici.
1554 1120 1587 1161 Il
1621 1121 1774 1173 giorno
1807 1124 1832 1163 9

26 1176 275 1218 Novembre
310 1177 432 1219 1809.
476 1176 609 1218 Giuro
653 1179 769 1218 tacto
808 1180 987 1229 pectore
1029 1177 1301 1220 Sacerdotali
1349 1178 1388 1219 d’
1408 1192 1510 1220 aver
1556 1180 1731 1232 copiato
1774 1180 1832 1220 tal

26 1235 128 1288 qual
159 1235 194 1276 si
226 1235 446 1277 ritrovava
477 1235 626 1276 scritto
658 1235 701 1276 in
736 1248 845 1278 esso.
879 1234 954 1276 Ne]
989 1236 1206 1289 principio
1240 1237 1309 1277 del
1341 1236 1641 1287 ManuscrittO,
1675 1238 1769 1278 cioe
1791 1238 1832 1279 la

25 1293 167 1346 prim-a
197 1293 303 1346 riga,
333 1294 375 1334 vi
405 1307 479 1334 era
506 1294 655 1335 scritto
688 1293 731 1334 in
765 1296 978 1335 carattere
1010 1293 1234 1344 Ciriliano,
1275 1295 1330 1336 da
1362 1309 1431 1336 me
1462 1308 1551 1336 non
1582 1298 1739 1348 potuto
1773 1297 1830 1336 ri-

24 1351 194 1401 levarsi,
227 1353 282 1392 ne
314 1351 515 1404 copiarsi,
547 1352 708 1405 perche
741 1364 830 1392 non
863 1352 1041 1393 conscio
1076 1352 1119 1393 di
1151 1353 1209 1393 tal
1244 1356 1472 1394 carattere.

164 1442 378 1478 Arohivum
402 1443 735 1489 Zmajevicianum
759 1442 913 1486 Jadrae,
939 1443 1046 1478 Fasc.
1074 1443 1190 1479 Carte
1215 1443 1479 1490 risguardanti
1502 1444 1726 1491 I’impianto
1756 1445 1834 1480 del-

26 1488 50 1524 l‘
68 1488 229 1525 Istituto
254 1489 491 1536 Zmajevich.

719 1644 788 1684 67.
822 1645 951 1694 1749,
981 1643 1141 1685 Nonae.

163 1737 357 1778 Thomas
388 1736 525 1778 Nekic
557 1736 790 1790 episcopus
823 1736 1041 1777 Nonensis
1070 1737 1200 1778 fidem
1225 1737 1340 1786 facit,
1375 1737 1669 1779 Seminarium
1703 1738 1833 1792 Illyri-

27 1820 124 1848 cum
167 1807 535 1860 ZmaJ'evicianum
570 1807 790 1855 Jadrense,
837 1807 991 1847 litteris
1038 1807 1292 1859 apostolicis
1338 1807 1391 1847 30
1423 1807 1677 1848 Decembris
1722 1808 1830 1849 1729

27 1878 233 1926 erectum,
285 1876 357 1917 ab'
388 1876 721 1929 archiepiscopo
770 1875 968 1917 Jadrensi
1020 1876 1242 1917 Matthaeo
1290 1875 1511 1918 Karaman
1558 1890 1673 1918 anno
1725 1877 1832 1918 1748

27 1948 227 1999 apertum
261 1959 365 1987 esse.

164 2037 358 2079 Thomas
390 2037 584 2079 Nechich
627 2038 706 2079 Dei
738 2041 781 2080 et
811 2038 1095 2092 Apostolicae
1138 2038 1287 2080 Gratia
1329 2039 1561 2092 episcopus
1602 2038 1832 2081 Nonensis.

25 2095 248 2137 Universis
279 2098 321 2137 et
352 2096 545 2148 singulis,
590 2096 722 2137 fidem
765 2096 947 2137 facimus
991 2100 1123 2150 atque
1165 2100 1389 2144 testamur,
1438 2098 1754 2138 monasterium
1785 2098 1827 2138 S.

25 2153 143 2195 Petri
175 2154 454 2203 Auxerensis,
486 2154 679 2195 Abbatia
710 2157 1027 2207 nuncupatum,
1063 2154 1256 2207 Collegio
1280 2168 1357 2196 seu
1381 2155 1626 2196 Serninario
1658 2154 1828 2209 Illyrico

30 2211 227 2253 Jadrensi
259 2212 443 2262 unitum,
492 2215 800 2265 conventuque
833 2225 1003 2261 carere3
1052 2212 1236 2254 alterum
1268 2226 1372 2253 vero
1407 2213 1547 2254 eidein
1584 2212 1830 2254 Seminario

25 2270 195 2311 unitum
228 2270 540 2311 Monasterium
573 2270 724 2311 Sancti
758 2270 990 2323 Grisogoni
1024 2271 1256 2321 Jadrensis,
1290 2270 1482 2311 Abbatia
1514 2275 1831 2324 nuncupatum,

27 2328 149 2368 cuius
191 2341 342 2369 mensa
384 2328 616 2369 abbatialis
648 2341 673 2369 a
705 2341 856 2369 mensa
899 2329 1178 2370 conventuali
1220 2332 1423 2382 separata
1468 2329 1624 2376 existit,
1673 2330 1831 2382 cuique

27 2397 129 2427 cura
150 2398 239 2427 non
267 2386 419 2426 iminet
450 2386 710 2435 animarum,
744 2387 907 2427 habere
932 2387 1222 2428 Conventum.
1255 2388 1488 2428 Testamur
1521 2387 1698 2439 insuper
1731 2387 1830 2427 Illu—

26 2443 347 2484 strississimum
370 2456 420 2484 ac
442 2443 873 2485 Reverendissimum
903 2445 1172 2486 Matthaeum
1197 2446 1413 2486 Caraman
1436 2445 1831 2498 Areliiepiscopum

25 2499 292 2549 Jadrensem‚
326 2501 567 2554 Collegium
590 2515 667 2543 seu
690 2501 984 2543 Seminarium
1016 2503 1159 2555 ipsum
1192 2503 1417 2556 superiore
1450 2515 1565 2544 anno
1588 2504 1824 2555 aperuisse.

25 2559 386 2613 praeceptoribus
409 2559 586 2613 optimis
609 2560 880 2613 caeterisque
904 2559 1174 2601 Officialibus
1198 2561 1467 2609 instruxisse,
1501 2560 1693 2601 Clericos
1726 2573 1830 2602 suae

26 2615 261 2665 Dioecesis,
311 2617 477 2670 Illyrico
524 2617 739 2659 Idiomate
771 2617 814 2658 in
863 2618 1168 2659 ecclesiasticis
1213 2618 1389 2659 Ritibus
1432 2622 1472 2659 et
1514 2618 1831 2658 Functionibus

26 2676 209 2723 utentes,
244 2675 550 2723 introduxisse,
585 2676 659 2729 qui
691 2676 892 2729 expensis
925 2675 1158 2717 Seminnrii
1191 2677 1378 2725 aluntur,
1411 2690 1460 2717 ac
1494 2677 1692 2727 religiose
1727 2676 1829 2717 etlu-

28 2734 192 2781 cantur,
229 2736 270 2774 et
302 2733 598 2775 ecclesiastica
629 2734 857 2787 disciplina
891 2734 1175 2775 instruuntur.
1212 2734 1258 2774 In
1293 2748 1475 2787 quarum
1513 2737 1592 2774 etc.

163 2825 443 2872 Apographum
459 2825 594 2859 XVIII
612 2838 639 2860 s.
660 2826 697 2859 in
716 2825 885 2860 Archivo
912 2825 1200 2871 ZmaJeviciano
1218 2825 1371 2869 Jadrae,
1399 2825 1507 2859 Pasa.
1528 2825 1641 2859 Cartc
1661 2826 1828 2869 ris-guar—

27 2867 133 2905 danti
157 2869 382 2919 l’impianto
409 2871 494 2906 dell'
510 2871 669 2906 Istituto
696 2871 931 2918 Zmajevicli.

814 3026 882 3065 68.
917 3026 1043 3064 1749.

167 3117 412 3159 Cardinalis
445 3118 650 3171 Prosperi
683 3117 947 3158 Lambertini
984 3117 1149 3170 (Papae
1182 3116 1403 3156 Benedicti
1437 3114 1546 3167 XIV)
1582 3115 1635 3153 «lc
1664 3114 1827 3164 legimi-

29 3186 117 3236 tate
149 3186 366 3240 Liturgiae
401 3186 872 3240 Glagolito-Romanae
904 3185 1133 3228 sententia.

79 3370 195 3422 jauo,
218 3379 386 3420 Formis,
408 3379 494 3408 Pars.
516 3379 561 3410 ιιι,
1759 3375 1775 3403 8
