2191 3434
450 761 486 790 I.
519 760 636 801 1215,
669 760 833 798 11—30
865 745 1133 795 Novembris,
1165 745 1383 787 Laterani.

138 831 383 875 Concilium
417 833 709 873 Lateranense
742 831 814 880 IV,
848 830 1062 871 Generale
1095 831 1173 870 XII
1205 832 1260 870 ab
1295 831 1550 871 Innocentio
1584 831 1650 871 111.
1682 829 1841 870 Ponte-

0 904 79 945 fice
111 905 378 945 celebratum
412 905 548 944 varias
580 904 749 956 linguas
782 903 1002 955 liturgicas
1033 904 1296 954 aequiparat.

138 987 207 1027 IX.
241 986 393 1029 Canon
425 987 483 1027 de
504 987 685 1026 diversis
718 986 869 1025 ritibus
903 987 944 1024 in
978 985 1134 1025 eadem
1168 985 1266 1025 fide.
1292 986 1511 1036 Quoniam
1547 987 1586 1026 in
1622 986 1841 1038 plerisque

0 1048 191 1099 partibus
224 1046 331 1086 infra
364 1047 550 1087 eandem
586 1047 802 1086 civitatem
841 1053 973 1097 atque
1007 1046 1247 1085 dioecesim
1300 1047 1507 1096 permixti
1559 1053 1658 1085 sunt
1690 1047 1842 1097 populi

0 1107 263 1147 diversarum
297 1106 556 1159 linguarum,
588 1105 799 1145 habentes
851 1106 932 1144 sub
966 1118 1050 1144 una
1083 1104 1171 1144 fide
1206 1107 1344 1144 varios
1377 1107 1481 1145 ritus
1515 1112 1557 1144 et
1591 1118 1748 1154 mores,
1781 1106 1845 1144 di-

0 1167 153 1206 stincte
186 1167 493 1217 praecipimus,
542 1172 588 1204 ut
619 1164 851 1216 pontifices
905 1164 1156 1204 huiusmodi
1190 1165 1410 1204 civitatum
1445 1166 1534 1204 sive
1587 1165 1843 1204 dioecesum

0 1225 256 1277 provideant
287 1226 401 1265 viros
434 1224 634 1272 idoneos,
667 1225 739 1277 qui
773 1223 1022 1264 secundum
1068 1224 1363 1263 diversitatem
1398 1226 1555 1264 rituum
1591 1232 1632 1264 et
1679 1225 1844 1277 lingua-

0 1297 92 1324 rum
127 1284 271 1324 divina
302 1284 384 1324 illis
417 1283 562 1324 officia
594 1283 817 1323 celebrent
868 1290 910 1322 et
943 1283 1238 1323 ecclesiastica
1272 1282 1554 1324 Sacramenta
1589 1285 1844 1330 ministrent,

0 1343 255 1384 instruendo
288 1356 366 1383 eos
400 1344 533 1383 verbo
567 1344 725 1394 pariter
758 1350 800 1382 et
833 1342 1054 1394 exemplo.

140 1423 361 1458 Decretales
388 1423 560 1469 Gregorii
587 1424 653 1464 IX,
681 1424 760 1457 Lib.
791 1425 815 1458 I.
844 1424 905 1457 Tit
944 1427 999 1458 31.
1040 1433 1122 1467 cap.
1150 1428 1193 1457 14
1234 1424 1303 1457 sub
1331 1425 1552 1458 summario:
1583 1424 1700 1459 »Cum
1728 1425 1763 1457 111
1792 1425 1843 1457 61-

0 1471 115 1506 vitate
142 1471 200 1505 vel
227 1471 396 1505 dioecesi
421 1477 510 1505 sunt
537 1471 667 1515 populi
710 1471 941 1505 diversarum
969 1471 1190 1516 linguarum,
1231 1473 1446 1515 Episcopus
1486 1472 1602 1506 debet
1641 1473 1843 1516 providere

1 1520 54 1552 eis
80 1529 147 1562 per
173 1519 273 1553 viros
301 1519 471 1560 idoneos,
493 1520 558 1563 qui
584 1519 794 1553 secundum
825 1520 1043 1553 varietatem
1084 1519 1292 1563 linguarum
1332 1519 1457 1553 officia
1483 1520 1537 1554 eis
1564 1520 1768 1560 celebrent,
1809 1524 1847 1553 et

0 1571 234 1601 sacramenta
260 1567 481 1600 ministrent.
511 1567 559 1601 Et
584 1567 613 1599 si
642 1577 780 1612 urgens
808 1572 864 1600 est
893 1568 1111 1605 necessitas,
1151 1568 1360 1601 constituet
1397 1568 1468 1601 sibi
1494 1569 1672 1602 vicariurn
1697 1567 1848 1602 Pontifi-

0 1624 84 1648 cem
111 1613 180 1647 illis
206 1614 365 1658 linguae,
393 1624 466 1647 non
494 1618 620 1648 tamen
648 1619 805 1657 propter
830 1614 902 1648 hoc
931 1614 1064 1648 eadem
1093 1615 1280 1649 dioecesis
1307 1614 1423 1649 debet
1449 1615 1588 1649 habere
1617 1615 1714 1649 duos
1743 1615 1849 1658 Epis-

0 1672 156 1704 copos«.
202 1660 274 1696 Cfr.
322 1662 504 1701 Potthast‚
550 1662 716 1707 Regesta
761 1663 869 1695 Rom.
915 1662 1138 1696 Pontificum
1178 1662 1225 1696 ad
1264 1673 1293 1696 a
1332 1666 1434 1703 1215,
1462 1664 1488 1703 Ι,
1516 1674 1551 1706 p.
1597 1666 1675 1697 437.
1703 1664 1849 1697 Auctor

1 1709 242 1754 gravissimus
268 1709 303 1742 in
331 1709 444 1742 rebus
471 1709 661 1753 liturgicis,
689 1709 737 1743 de
765 1709 919 1744 Canone
958 1710 1030 1743 1106
1059 1710 1314 1746 Lateranensi.
1360 1711 1452 1745 haec
1488 1711 1660 1745 adnotat:
1702 1711 1775 1744 »Es
1802 1711 1850 1744 ist

3 1756 329 1790 beachtenswerth
368 1757 454 1790 dass
482 1776 524 1780 ——
552 1757 619 1790 das
644 1757 763 1790 vierte
791 1756 1014 1799 allgemeine
1042 1757 1171 1792 Conci]
1201 1759 1235 1791 in
1262 1758 1424 1792 Lateran
1453 1758 1576 1801 (1215)
1605 1759 1708 1792 nicht
1734 1759 1849 1792 daran

1 1804 149 1844 dachte‚
184 1803 242 1837 fiir
274 1804 342 1837 das
381 1814 497 1848 ganze
535 1804 762 1838 Abendland
804 1805 864 1838 die
904 1805 1014 1838 Feier
1070 1806 1138 1839 des
1175 1805 1484 1839 Gottesdienstes
1539 1807 1574 1839 in
1611 1806 1850 1840 lateinisches

3 1851 171 1895 Sprache
206 1851 534 1894 vorzuschreiben,
575 1851 756 1886 vielmehr
794 1853 854 1886 die
882 1852 1055 1887 Bischofe
1083 1854 1183 1895 (can.
1211 1855 1246 1896 9)
1286 1854 1550 1887 ausdrucklich
1577 1854 1848 1897 verpflichtete.

3 1899 110 1933 dafiir
137 1909 322 1944 zusorgen
355 1899 442 1933 dass
469 1899 565 1932 auch
593 1899 650 1933 fiir
674 1900 764 1944 jene
803 1900 976 1934 Christen
1004 1901 1197 1934 innerhalb
1225 1901 1322 1934 ihrer
1352 1902 1526 1939 Diocese
1556 1901 1699 1935 welche
1739 1902 1847 1934 einen

2 1946 169 1980 anderen
208 1946 262 1980 als
290 1946 365 1980 den
402 1947 618 1981 romischen
645 1947 754 1981 Ritus
791 1948 925 1987 haben,
953 1948 1048 1981 nach
1087 1948 1203 1982 ihrem
1241 1949 1348 1982 Ritus
1376 1949 1452 1982 und
1480 1949 1516 1982 in
1544 1949 1611 1982 der
1637 1950 1697 1983 bei
1725 1949 1849 1982 ihnem

3 1993 328 2027 herkommlichen
351 1993 595 2039 liturgischen
621 1994 789 2037 Sprache
822 1995 1110 2041 regelmassiger
1151 1996 1415 2030 Gottesdienst
1436 1996 1610 2042 gehalteu
1639 1997 1787 2030 werde«
1812 2024 1818 2030 .
1844 2023 1850 2030 .

4 2040 230 2082 Thalhoffer,
287 2041 502 2075 Handbuch
547 2042 614 2076 der
658 2043 758 2076 kath.
805 2043 976 2087 Liturgik
1021 2044 1045 2076 I.
1076 2044 1210 2088 (1887),
1238 2047 1316 2078 408.

604 2174 640 2203 3.
674 2174 792 2210 1333,
826 2162 1001 2216 Spalatz'
1027 2164 1098 2204 vel
1124 2163 1241 2205 Arbz'.

148 2245 355 2285 Nicolaus
389 2246 572 2286 clericus
618 2245 829 2286 Arbensis
862 2247 1070 2287 describit
1121 2248 1375 2289 Psalterium
1429 2249 1740 2303 Glagoliticum
1795 2263 1850 2290 ex

7 2316 162 2356 codice
197 2316 384 2357 Psalterii
420 2316 682 2370 Glagolitici,
733 2331 866 2370 quem
899 2318 1181 2360 Theodosius
1227 2321 1586 2373 archiepiscopus
1638 2320 1851 2362 Salonita-

8 2399 88 2426 nus
120 2385 422 2441 (Spalatensis)
456 2389 666 2440 impensis
700 2391 788 2429 suis
838 2404 872 2429 3.
906 2390 1152 2432 885.-892
1187 2392 1344 2431 confici
1398 2392 1691 2441 mandaverat,
1724 2399 1852 2444 prout

7 2470 64 2497 ex
97 2460 294 2511 sequenti
328 2459 611 2499 adnotatione
645 2461 894 2514 glagolitica
927 2463 967 2501 in
1003 2463 1177 2512 eodem,
1212 2476 1327 2502 nunc
1361 2476 1463 2504 vero
1498 2464 1744 2516 deperdit0‚
1779 2477 1852 2503 co-

10 2528 120 2578 dice,
152 2536 285 2580 patet:

150 2610 282 2652 Anno
318 2612 626 2654 Incarnationis
677 2614 936 2656 Dominicae
982 2617 1104 2657 1222.
1140 2617 1338 2658 Honorio
1392 2616 1578 2658 Summo
1630 2619 1856 2668 Pontifice‚

11 2668 231 2712 Friderico
263 2679 306 2711 et
339 2673 531 2713 Roberto
566 2673 917 2725 Imperatoribus,
950 2676 1071 2729 Rege
1095 2677 1400 2730 Hungarorum
1425 2677 1615 2728 Andrea,
1638 2678 1852 2718 Gonzello

13 2725 254 2779 spalatensi
287 2730 651 2784 Archiepiscopo.
702 2733 894 2775 Clericus
928 2734 1140 2776 Arbensis
1194 2736 1401 2777 Nicolaus
1435 2750 1491 2776 ex
1524 2738 1608 2778 alio
1660 2739 1856 2778 similiter

12 2786 213 2838 Psalterii‚
244 2791 453 2842 impensis
485 2798 527 2831 et
560 2793 767 2833 mandato
800 2792 1025 2834 Theodori
1059 2793 1155 2848 (sic)
1190 2796 1327 2836 ultimi
1349 2795 1587 2837 Salonitani
1622 2797 1855 2845 pontificis,

14 2843 242 2888 Slavonica
275 2849 420 2904 lingua
453 2853 751 2903 manuscripto
785 2853 953 2903 codice,
986 2854 1171 2895 fideliter
1204 2855 1444 2907 descripsit.

79 2974 84 2979 Ι
110 2973 116 2980 .
155 2928 362 2970 Assemani‚
384 2930 609 2965 Kalendaria
635 2932 829 2967 Ecclesiae
856 2934 1072 2975 Universae,
1101 2936 1208 2969 Tom.
1236 2936 1296 2969 IV.
1326 2936 1448 2979 Caput
1475 2937 1539 2971 1V.
1557 2937 1589 2982 ξ.
1618 2938 1749 2971 XVIII.
1780 2938 1856 2971 »In-

21 2979 186 3018 qu11·1tur
212 2975 249 3009 in
273 2975 493 3012 Psalterium
522 2978 709 3013 Slavicum
745 2985 920 3024 tempore
945 2982 1137 3016 Theodori
1178 2982 1293 3016 ultimi
1322 2983 1527 3018 Salonitani
1567 2986 1854 3028 Archiepiscopi

21 3025 233 3056 exaratum.
259 3023 447 3069 simulque
483 3026 722 3061 obstenditur
762 3028 849 3062 illud
878 3030 1043 3063 nonnissi
1083 3031 1151 3063 sub
1187 3031 1241 3074 Jo.
1273 3031 1365 3064 VIH.
1395 3032 1492 3075 Papa
1520 3033 1788 3075 conscriptum,
1818 3037 1854 3065 ct

50 3083 170 3125 JELlC,
192 3091 348 3119 FoNTsss
370 3093 438 3120 Pars
459 3095 481 3121 1.
1793 3103 1821 3126 1*
