2191 3434
584 199 877 245 Glagolito-
906 200 1147 233 Romonae
1174 198 1245 232 XV
1272 209 1301 232 S.
1815 200 1857 233 15

17 348 113 396 tiae,
145 352 187 386 et
218 347 258 384 in
294 345 364 385 die
398 345 687 397 depositionis
721 345 916 384 defuncti
957 343 1012 383 ad
1059 344 1290 383 ecclesiam
1343 343 1540 383 eiusdem
1594 343 1859 394 sepulturae;

18 419 217 458 eximens
249 418 303 457 ab
336 416 421 456 hoc
454 417 633 456 decreto
667 414 914 457 Canonicos
941 415 1185 469 Jadrenses.

164 486 429 529 »statuimus
464 494 505 527 et
538 487 804 536 ordinamus,
850 487 971 540 quod
1023 487 1078 526 de
1132 493 1305 526 caetero
1344 486 1499 538 aliquis
1533 483 1752 526 Sacerdos
1803 485 1859 525 de

17 547 177 588 Littera
210 546 363 588 Sclava
398 560 485 586 non
517 547 688 595 audeat,
739 547 808 587 vel
857 553 1106 598 praesumat
1156 547 1198 584 in
1249 545 1392 598 aliqua
1443 545 1628 584 ecclesia
1679 546 1860 584 civitatis

12 607 231 660 Jadrensis
265 607 484 646 celebrare
517 605 746 646 Missarum
779 606 992 646 solemnia
1025 607 1117 645 sine
1150 605 1309 645 Nostra
1342 604 1409 644 vel
1453 604 1612 645 Vicarii
1646 606 1780 644 nostri
1814 605 1860 644 li-

18 668 159 706 centia
203 667 379 718 speciali
413 668 546 718 petita
579 674 620 705 et
654 667 845 713 obtenta,
878 673 1181 717 praeterquam
1215 666 1255 703 in
1310 664 1495 703 ecclesia
1546 662 1588 703 S.
1639 663 1858 703 Trinitatis

17 723 136 778 (alias
169 738 200 765 s.
222 722 399 778 Donati)
434 732 475 764 et
508 727 549 764 in
597 726 780 764 ecclesia
815 723 858 765 S.
903 724 1063 764 Mariae
1114 724 1475 774 presbyterorum
1528 721 1647 775 (alias
1700 721 1743 763 S.
1795 721 1860 763 Si-

17 782 204 835 meonis)
238 792 440 836 ternpore
473 785 770 841 indulgentiae
803 791 963 829 tamen,
995 797 1045 823 ac
1079 786 1208 823 etiarn
1257 784 1466 835 quoniam
1518 784 1660 822 vocati
1687 783 1861 822 {uerunt

15 845 73 884 ad
106 845 418 884 celebrandum
453 857 532 896 pro
565 846 709 884 anima
741 843 923 896 alicujus
957 843 1154 883 defuncti
1188 856 1241 882 eo
1275 843 1479 882 videlicet
1512 842 1595 891 die,
1629 855 1718 894 quo
1766 843 1859 893 ipse

17 904 252 943 defunctus
285 904 482 955 sepultus
516 903 654 951 fuerit,
688 910 729 942 et
761 905 802 942 in
836 903 1022 943 ecclesia
1066 902 1184 954 apud
1237 915 1367 954 quarn
1420 902 1670 953 sepelietur:
1704 901 1859 941 intelli-

17 963 165 1017 gendo
198 970 344 1003 tamen
379 963 500 1015 quod
534 965 568 1003 si
601 964 756 1015 aliquis
800 964 1029 1014 presbyter
1081 963 1136 1002 de
1187 962 1349 1002 Littera
1402 960 1557 1002 Sclava
1609 968 1860 1011 assumptus

17 1022 144 1062 fuerit
177 1024 218 1062 in
253 1024 420 1075 gremio
455 1021 639 1074 Capituli
673 1022 833 1071 Nostri,
865 1023 983 1062 idem
1018 1023 1249 1073 presbyter
1281 1034 1370 1061 non
1415 1021 1676 1073 intelligatur
1717 1020 1860 1074 subja-

17 1095 116 1122 cere
149 1082 249 1121 huic
284 1083 543 1122 ordinationi
580 1095 813 1134 quousque
846 1082 973 1121 fuerit
1005 1083 1061 1121 de
1095 1082 1214 1120 dicto
1249 1080 1488 1132 Capitulo.‹

158 1163 194 1196 B.
223 1162 267 1197 G.
294 1163 441 1196 Zanotti
467 1162 701 1204 Tanzlinger,
730 1163 797 1196 Ms.
825 1173 854 1196 a.
883 1165 974 1197 1692
1002 1162 1281 1205 Compendium
1309 1162 1548 1196 materiarum
1589 1172 1637 1195 ex
1676 1161 1859 1195 constitu-

15 1210 183 1244 tionibus
202 1210 447 1255 synodalibus
475 1210 576 1244 Eccl.
604 1210 805 1254 Metropol.
827 1210 1029 1255 Jadrensis,
1056 1211 1092 1244 in
1120 1210 1283 1244 Archivo
1311 1209 1527 1244 Guberniali
1549 1209 1737 1254 Jadrensi;
1756 1209 1861 1242 Bian-

17 1258 85 1298 chi,
112 1258 204 1292 Zara
229 1259 404 1292 cristiana
429 1259 455 1300 I,
483 1262 560 1292 132.

343 1427 406 1468 571.
439 1417 564 1468 1461,
605 1414 841 1468 Gojmjerje
868 1421 1001 1468 prope
1033 1414 1248 1467 Bosiljevo
1282 1413 1540 1466 Zagrabien.

157 1511 388 1561 Presbyter
420 1511 646 1551 Mathaeus
679 1510 791 1551 filius
827 1510 1022 1551 Valentis
1071 1510 1234 1551 Grbcic'
1278 1511 1493 1562 plebanus
1544 1512 1586 1549 in
1638 1509 1861 1550 Goirnerie

15 1582 316 1635 Zagrabiensis
350 1582 623 1630 dioeceseos,
657 1582 873 1636 glagolita‚
907 1583 1051 1622 villam
1088 1583 1353 1622 monasterio
1384 1580 1426 1622 S.
1448 1581 1617 1621 Nicolai
1641 1583 1683 1620 in
1706 1581 1861 1622 Gvozd

17 1653 161 1694 donat

55 1718 61 1725 “
147 1713 319 1764 Surmin,
347 1724 444 1757 Acta
470 1723 646 1764 croatica‚
674 1723 877 1768 Zagrabiae
904 1726 1006 1764 1898,
1035 1727 1101 1758 228
1130 1734 1156 1756 s.

463 1903 535 1944 55.
567 1904 634 1945 40.
667 1894 791 1945 1463,
822 1904 860 1945 4.
893 1891 1091 1944 Augusti,
1124 1890 1405 1932 Modruscz‘ae.

157 1987 346 2027 Litterae
380 1994 578 2039 patentes
612 1989 786 2039 capituli
831 1989 1044 2028 ecclesiae
1098 1988 1360 2027 cathedralis
1411 1988 1753 2027 Modrusciensis
1805 1987 1861 2027 de

45 2059 259 2098 oncordio
293 2072 393 2098 curn
428 2058 572 2112 Apajo
615 2059 796 2099 Likovic
849 2062 966 2109 inito,
1018 2060 1338 2099 characteribus
1373 2060 1632 2112 glagoliticis
1673 2060 1861 2099 conscri-

51 2136 189 2170 untur.

161 2190 324 2240 Smmin,
352 2200 449 2233 Acta
477 2200 652 2234 croatica
681 2200 708 2245 1,
736 2201 941 2245 Zagrabiae
971 2204 1073 2239 1898,
1101 2203 1145 2233 24
1171 2211 1220 2234 ss,

717 2360 795 2410 56.
828 2359 954 2410 1463,
998 2357 1161 2408 Veglen.

160 2451 334 2492 Missale
380 2452 705 2505 Glagoliticum‚
757 2454 878 2505 quod
925 2454 965 2492 in
1018 2453 1204 2492 ecclesia
1255 2453 1492 2504 parochiali
1547 2452 1861 2492 Verbenicensi

64 2524 251 2577 egiensis
284 2524 544 2564 dioeceseos
576 2531 828 2574 asservatur,
862 2526 1161 2565 conscribitur.

161 2617 186 2650 Ι.
214 2615 354 2658 Boresti,
383 2608 541 2652 Citanka
567 2617 764 2652 staroslov.
790 2617 912 2662 jezika
940 2618 1034 2660 Prag
1061 2621 1162 2658 1864,
1191 2629 1225 2661 p.
1254 2617 1337 2652 XV.
1365 2621 1404 2651 et
1432 2620 1475 2651 69
1502 2628 1532 2651 S.

593 2785 664 2826 57.
699 2776 824 2827 1463,
857 2772 1045 2813 Lindari
1076 2773 1268 2814 Felcnen.

162 2867 393 2920 Presbyter
423 2869 574 2910 Petrus
617 2869 789 2909 Frasc'ie'
841 2869 1030 2909 Lindarii
1064 2870 1316 2910 Petenensis
1368 2870 1627 2909 dioeceseos
1681 2869 1861 2920 degens,

56 2939 272 2979 salterium
309 2939 618 2994 Glagoliticum
653 2938 815 2993 (»saltir
849 2939 1068 2992 hrvacki«)
1103 2955 1180 2993 pro
1204 2943 1461 2992 presbytero
1483 2940 1643 2980 Mathia
1667 2941 1858 2991 plebano

0 3041 2 3046 .
57 3021 82 3049 e
112 3009 275 3049 Kubod
311 3013 557 3051 conscribit.

128 3114 137 3115 e
166 3070 325 3120 Surmin,
353 3081 449 3114 Acta
475 3082 639 3115 croatica
664 3081 688 3121 Ι,
717 3081 918 3126 Zagrabiae
946 3084 1047 3115 1898.
1076 3082 1153 3114 236.
1182 3092 1209 3113 s.

56 3142 174 3185 JELlc‘,
194 3149 350 3177 Formis
375 3151 445 3177 Pars
463 3151 486 3176 1.
