2191 3434
534 286 1069 333 Glagoliho-Romanae
1118 286 1271 321 XVII.
1323 297 1358 321 s.
1752 286 1796 321 47

499 429 598 468 162.
638 429 766 478 1658,
797 429 859 469 23
890 426 1074 480 Aprilis,
1105 426 1384 479 Justz‘nopoli.

181 520 379 562 Baltasar
411 519 620 561 Corniani
654 519 888 573 episcopus
929 519 1326 572 Justinopolitanus
1369 518 1412 560 in
1444 519 1656 560 relatione
1689 518 1844 560 Visita-

45 589 177 630 tionis
210 589 266 630 ad
298 589 467 630 Limina
499 589 818 642 Apostolorum
842 589 886 630 S.
911 589 1070 631 Sedem
1095 589 1148 630 de
1180 591 1295 630 statu
1328 588 1582 629 dioeceseos
1617 588 1843 629 certiorem

43 658 244 707 reddens,
276 658 433 700 refert:

184 771 305 790 „....
351 740 395 781 in
441 741 524 781 hac
566 740 806 793 provincia,
854 740 928 781 ubi
972 740 1223 781 sacerdotes
1267 740 1510 781 admodum
1551 739 1681 792 pauci
1726 738 1844 792 iique

41 797 189 845 idiote,
222 798 334 839 male
363 798 563 847 instituti,
596 799 842 850 linguarum
874 799 1084 847 omnium,
1117 800 1427 850 praeterquam
1461 798 1667 850 Illyricae,
1701 797 1841 849 ignari

41 879 159 885 ——-
194 854 320 896 Verbi
362 855 505 897 Divini
546 857 754 898 audiendi
801 869 953 898 omnes
987 856 1225 898 universim
1259 856 1419 909 cupidi,
1468 855 1587 909 quod
1620 868 1699 908 ego
1734 868 1845 908 quo-

38 913 142 954 tidie
175 914 339 967 ubique
370 914 637 967 praedicavi,
671 915 857 964 tametsi,
887 927 985 956 cum
1018 914 1161 955 italice
1198 914 1414 967 loquerer,
1449 918 1490 954 et
1522 913 1677 954 Latina
1699 912 1845 954 Italice

39 971 361 1025 interpretarer,
403 985 493 1013 non
535 985 855 1026 usquequaque
901 971 1273 1027 intellectus‚jnon
1307 972 1422 1013 enim
1462 970 1610 1013 Italice
1651 971 1733 1012 nisi
1765 971 1845 1011 im-

38 1029 229 1083 perfecte
261 1029 442 1071 sciunt.“
1235 1041 1238 1043 ’

175 1121 456 1156 Authen‘cicum
480 1121 520 1155 in
545 1120 715 1156 Archivo
751 1121 785 1156 S.
820 1121 960 1168 Congr.
995 1120 1154 1156 Concilii
1186 1120 1226 1155 in
1262 1120 1470 1156 Tabulario
1496 1120 1706 1163 Vaticano3
1729 1119 1846 1166 juxta

39 1172 264 1214 excerptum
290 1168 561 1203 Ornoicianum
586 1168 677 1202 anni
704 1167 802 1203 1892.

619 1298 718 1337 163.
752 1297 880 1346 1658,
913 1295 1050 1338 Foc'ae
1080 1295 1264 1338 Bosnen.

177 1390 393 1440 Qvoniam
435 1390 479 1431 in
521 1390 685 1431 Bosnia
726 1403 830 1431 usus
874 1393 950 1438 est,
997 1393 1042 1431 ut
1085 1390 1240 1431 diebus
1284 1390 1447 1431 festivis
1493 1390 1666 1443 aliquae
1697 1392 1844 1443 partes

38 1459 209 1508 missae,
241 1460 464 1501 videlicet:
500 1459 661 1508 Gloria,
687 1459 896 1513 Epistola,
921 1459 1219 1512 Evangelium,
1245 1459 1399 1501 Passio
1434 1462 1474 1501 et
1506 1460 1638 1501 Pater
1669 1459 1842 1510 Noster,

39 1531 268 1570 cantentur
298 1529 487 1582 primum
534 1529 667 1570 latine
710 1529 811 1570 dein
845 1532 886 1570 et
918 1529 1088 1579 slavice,
1133 1529 1252 1570 iuxta
1296 1529 1522 1582 antiquam
1557 1529 1842 1570 consuetudi-

37 1612 151 1650 nem,
194 1602 235 1640 et
266 1599 348 1640 hac
394 1599 564 1640 ratione
611 1611 733 1641 sacer
775 1599 882 1640 ritus
929 1599 1112 1640 nimium
1154 1601 1403 1652 protractus
1448 1612 1580 1652 saepe
1612 1599 1840 1652 impediat,

37 1668 144 1710 alias
175 1681 205 1709 s.
239 1668 485 1710 functiones
516 1668 798 1717 necessarias,
832 1669 879 1710 fr.
915 1668 1106 1710 Joannes
1150 1682 1176 1710 a
1224 1669 1341 1710 Foca
1372 1668 1579 1710 sacerdos
1610 1668 1775 1709 ordinis
1807 1681 1840 1709 s.

38 1737 255 1779 Francisci
288 1738 483 1779 eiusdem
511 1738 765 1791 provinciae
788 1739 962 1780 Bosnae
985 1741 1080 1779 orat
1104 1738 1378 1780 facultatem:
1404 1741 1451 1779 ut
1484 1738 1691 1790 deinceps
1712 1738 1838 1779 dictis

39 1806 193 1848 diebus
225 1807 384 1848 festivis
415 1807 555 1860 possit
603 1808 646 1848 in
692 1808 826 1849 missa
868 1808 1051 1849 solemni
1093 1807 1344 1860 praedictae
1386 1810 1557 1860 partes:
1593 1806 1765 1849 Gloriae
1797 1807 1841 1848 in

40 1875 218 1917 excelsi3
244 1879 324 1917 etc.
356 1876 496 1917 solum
532 1877 574 1918 in
606 1877 754 1930 lingua
786 1877 951 1930 vulgari
984 1877 1164 1926 cantari,
1198 1877 1573 1930 quemadmodum
1606 1877 1650 1918 id
1685 1879 1726 1917 et
1757 1876 1842 1917 fra-

37 1945 176 1986 tribus
206 1945 460 1999 provinciae
490 1946 733 1988 Dalmatiae
767 1959 1023 1988 concessum
1058 1949 1134 1987 est.

179 2026 463 2077 „Beatissimo
496 2027 650 2068 Padre.
687 2025 911 2069 Correndo
936 2041 1015 2069 uso
1038 2027 1184 2068 antico
1207 2027 1321 2068 nella
1351 2026 1582 2080 provincia
1614 2027 1657 2068 di
1690 2027 1839 2068 Bosna

38 2083 291 2136 Argentina,
336 2088 535 2137 soggetta
577 2085 880 2126 intieramente
927 2086 966 2126 al
1009 2085 1207 2126 dominio
1255 2086 1501 2135 turchesco,
1535 2085 1576 2126 di
1610 2084 1840 2126 celebrarsi

38 2142 134 2183 cola
165 2142 192 2183 il
224 2143 459 2184 sacrrificio
493 2143 607 2184 della
637 2156 781 2184 messa
814 2143 856 2184 in
887 2143 987 2184 tutti
1021 2143 1074 2196 gli
1099 2143 1238 2195 giorni
1270 2143 1409 2184 festivi
1443 2143 1758 2196 doppiamente
1782 2143 1838 2183 da

40 2200 256 2241 sacerdoti
289 2200 332 2241 di
366 2201 464 2253 quel
496 2214 644 2253 paese.
676 2201 770 2242 cioe
802 2201 871 2242 nel
902 2202 1037 2242 latino
1072 2203 1282 2242 consueto
1309 2214 1331 2242 e
1364 2201 1432 2241 nel
1465 2201 1640 2253 volgare
1672 2201 1838 2247 illirico,

39 2258 230 2299 tradotto
266 2258 322 2299 da
354 2258 397 2299 S.
433 2258 653 2300 Girolamo
686 2272 708 2300 e
741 2259 798 2300 da
830 2260 872 2301 S.
908 2259 1067 2308 Cirillo,
1093 2272 1114 2299 e
1137 2259 1206 2311 gia
1229 2259 1520 2300 determinato
1555 2258 1669 2300 dalla
1703 2259 1840 2300 Santa

40 2314 154 2356 Sede
185 2316 455 2369 Apostolica,
488 2316 531 2357 in
562 2317 705 2370 quello
740 2317 820 2358 che
851 2318 1107 2370 appartiene
1130 2317 1213 2357 alla
1241 2317 1414 2366 „Gloria
1435 2317 1478 2357 in
1503 2317 1680 2357 excelsis
1703 2317 1841 2366 Deo“,

41 2372 349 2426 all'„Epistole,
384 2374 574 2426 Vangeli,
607 2375 832 2423 Passione,
867 2373 1008 2416 Credo
1043 2378 1083 2415 et
1120 2375 1444 2424 Paternoster“,
1487 2375 1530 2415 in
1561 2377 1716 2427 questa
1747 2387 1839 2415 ma-

38 2430 180 2472 niera:
213 2432 355 2485 primo
388 2432 423 2472 si
457 2433 552 2473 dice
585 2433 717 2473 latine
754 2432 926 2482 „Gloria
962 2433 1004 2473 in
1048 2433 1269 2481 excelsis“,
1305 2446 1327 2473 e
1358 2434 1432 2485 poi
1466 2433 1611 2473 subito
1645 2433 1679 2473 si
1711 2435 1839 2473 torna

39 2500 64 2528 a
96 2488 162 2530 dir
192 2490 380 2542 volgare,
415 2503 436 2530 e
468 2491 542 2542 poi
575 2491 804 2542 seguitano
838 2491 876 2530 le
919 2490 1107 2532 orationi
1151 2493 1192 2531 et
1240 2491 1426 2543 epistola
1459 2491 1606 2537 latina,
1641 2503 1663 2530 e
1695 2490 1766 2543 poi
1799 2490 1840 2531 la

39 2546 214 2588 tornino
247 2560 272 2588 a
304 2547 371 2588 dir
404 2547 591 2600 volgare,
632 2552 673 2589 et
712 2551 802 2589 cosi
843 2549 866 2589 l'
892 2549 1117 2600 evangelio
1161 2551 1255 2595 etc„
1296 2561 1384 2589 uno
1418 2548 1535 2600 dopo
1570 2548 1593 2588 l’
1618 2548 1743 2597 altro,
1775 2548 1839 2588 sia

39 2603 169 2656 longo
218 2608 384 2658 quanto
427 2605 462 2646 si
504 2606 580 2655 sia,
623 2606 831 2647 etiamdio
874 2606 916 2647 la
938 2606 1142 2658 passione
1185 2606 1296 2647 delle
1344 2606 1492 2646 Palme
1534 2606 1568 2646 si
1601 2605 1721 2658 legge
1754 2605 1839 2646 due

39 2661 166 2711 volte,
198 2663 340 2715 primo
373 2663 505 2704 latine
537 2676 559 2703 e
590 2664 665 2716 poi
687 2664 887 2715 volgare3
911 2688 965 2693 —
987 2667 1274 2717 rappresenta
1296 2663 1583 2704 humilmente
1615 2666 1836 2716 prostrato

39 2731 64 2759 a
95 2721 327 2761 santissimi
359 2721 475 2773 piedi
509 2721 551 2762 di
584 2722 631 2761 V.
665 2722 710 2762 Β.
746 2722 809 2763 fra
842 2721 1055 2763 Giovanni
1103 2722 1160 2763 da
1192 2722 1348 2763 Foccia
1390 2722 1617 2762 sacerdote
1650 2721 1745 2762 dell'
1773 2734 1837 2762 or-

40 2776 140 2818 dine
171 2778 340 2820 minore
373 2782 624 2821 osservante
657 2779 725 2820 del
774 2779 820 2820 P.
853 2779 895 2820 S.
940 2779 1183 2821 Francesco
1229 2779 1341 2820 della
1374 2779 1494 2820 detta
1526 2780 1763 2831 provincia,
1798 2779 1836 2819 le

40 2833 246 2877 difficolta
277 2837 320 2877 in
351 2837 604 2890 esperienza
635 2838 666 2878 s’
691 2837 951 2879 incontrano
992 2837 1033 2878 in
1076 2840 1165 2878 cosi
1208 2837 1369 2888 lunghe
1402 2837 1608 2879 funzioni.
1643 2850 1664 2877 e
1697 2849 1830 2877 sono:

39 2889 130 2933 Che
161 2894 345 2935 essendo
377 2895 513 2935 tenuti
547 2896 647 2948 quei
679 2895 895 2936 sacerdoti
927 2895 1115 2948 religiosi
1147 2908 1226 2948 per
1257 2895 1433 2947 obbligo
1467 2895 1578 2936 della
1608 2894 1701 2935 loro
1736 2907 1836 2947 pro-

39 2949 225 2992 fessione
257 2952 299 2992 di
342 2953 525 2993 recitare
567 2953 591 2993 l’
616 2953 760 2994 ufficio
814 2953 976 3001 divino,
1024 2966 1046 2994 e
1087 2952 1129 2993 di
1173 2953 1392 2994 celcbrare
1434 2953 1475 2994 la
1521 2956 1646 2993 santa
1695 2965 1835 2992 messa

34 3006 157 3060 juxta
198 3009 327 3050 ritum
370 3010 411 3052 S.
457 3011 685 3052 Romanae
732 3011 950 3059 ecclesiae,
995 3011 1049 3063 gli
1093 3011 1277 3051 convien
1320 3012 1489 3062 leggere
1539 3011 1832 3057 latiiiaiiicnte‚

37 3076 160 3107 come
191 3070 256 3109 sta
287 3068 517 3120 prescritto
550 3069 618 3110 nel
648 3069 830 3109 messale
864 3081 1076 3117 romano3
1110 3069 1267 3121 poiche
1300 3069 1447 3109 hanno
1482 3081 1585 3108 cura
1620 3068 1833 3114 d'anime,

35 3133 124 3164 non
156 3126 339 3166 essendo
372 3125 468 3167 altri
499 3126 731 3174 sacerdoti,
765 3126 844 3168 che
876 3125 970 3167 loro
1005 3125 1157 3166 Minori
1188 3126 1452 3174 Osservanti,
1488 3126 1720 3165 celebratio
1756 3137 1834 3177 per

35 3177 75 3220 lo
105 3181 180 3234 piu
212 3182 254 3223 in
295 3186 446 3236 aperta
487 3196 744 3237 campagna,
786 3197 866 3225 ove
912 3196 1060 3236 spesse
1104 3184 1217 3224 volte
1259 3186 1515 3224 sovrastano
1561 3183 1734 3235 poricoli
1789 3182 1832 3222 di
