2243 3444
370 162 390 191 4
1055 156 1247 190 Fontes
1286 153 1524 198 liturgiae

780 216 902 235 “⁴3‘—
1493 249 1497 253 .
2070 214 2193 220 *-

715 314 749 355 7.
788 314 905 354 1502,
938 314 1002 342 20.
1040 299 1179 348 Junii,
1211 297 1328 340 Novi
1356 296 1889 339 Modruscen.-Corbavz'en.

514 397 738 449 Philippus
770 396 1051 444 Milutinovi6‚
1085 395 1334 447 capellanus
1375 407 1428 433 ss.
1473 393 1659 445 Philippi
1711 400 1752 433 et
1805 393 1951 442 Iacobi
2001 394 2044 433 in
2084 392 2195 433 Novi

376 471 605 521 presbyter
637 468 979 509 Modrusciensis
1013 468 1284 513 dioeceseos,
1316 466 1507 504 notarius
1539 464 1755 516 publicus,
1774 464 1935 504 litteras
1961 463 2197 517 glagolitic‹

385 540 436 581 15
476 539 752 592 Septembris
790 540 900 579 1475
935 540 973 578 in
1009 538 1176 578 Otocac
1211 536 1446 585 confectas,
1478 537 1636 588 quibus
1669 536 1820 576 comes
1851 535 2060 575 Martinus
2078 534 2202 575 Fran-¹

379 610 521 662 kapan
554 611 786 650 Heremitis
820 609 861 650 S.
914 610 1029 649 Pauli
1082 608 1330 647 monasterii
1365 605 1406 647 S.
1458 606 1616 646 Mariae
1667 608 1709 646 in
1759 605 2014 648 Crikvenica
2064 605 2204 646 villam
2231 609 2243 633 ν’

377 668 550 733 Crmanj
586 682 774 728 donavit,
807 680 1040 732 exemplat.

517 755 675 802 Surmin,
703 763 799 796 Acta
826 762 989 795 croatica
1015 761 1039 801 I,
1068 760 1268 803 Zagrabiae
1295 762 1399 800 1898,
1427 762 1494 793 278
1521 770 1549 793 s.

804 883 844 921 8.
879 894 995 933 1502.
1019 880 1151 920 Prin&
1178 879 1294 933 apud
1325 878 1535 919 fazinum
1567 878 1786 920 Parentin.

516 978 746 1028 Presbyter
774 977 962 1030 Jacobus
995 976 1191 1016 Kriianic
1226 976 1281 1015 de
1314 975 1497 1015 Barbara
1529 976 1784 1015 auctoritate
1813 975 1988 1027 publica
2008 977 2204 1016 notarius.
2235 992 2237 994 ·

377 1051 708 1089 instrumentum
744 1048 1046 1088 confinationis
1081 1050 1189 1086 inter
1209 1054 1341 1086 terras
1374 1046 1684 1098 patriarchatus
1701 1045 2009 1099 Aquileiensis,
2029 1044 2206 1103 Comitis
2232 1090 2237 1097 ,

376 1120 619 1167 Pisinensis‚
653 1118 910 1160 Communis
942 1118 1187 1165 Pisinensis‚
1220 1119 1524 1169 possessiones
1556 1116 1751 1157 Dominii
1783 1117 1985 1158 Venetici
2034 1124 2077 1157 et
2107 1117 2206 1158 alio·
2232 1104 2238 1126 ³

376 1204 470 1230 rum
503 1191 714 1231 nobilium
748 1191 1037 1238 istrianorum,
1070 1202 1184 1229 anno
1221 1188 1332 1230 1275
1365 1203 1389 1228 a
1410 1189 1578 1228 notario
1610 1190 1868 1241 presbytero
1901 1188 2087 1228 Nicolao
2120 1188 2207 1242 ple·
2231 1183 2239 1220 {-

376 1263 490 1302 bano
523 1264 565 1301 in
599 1262 710 1302 Gola
744 1261 902 1302 Gorica
937 1261 1192 1314 glagoliticis
1227 1260 1546 1300 characteribus
1579 1260 1846 1308 confectum,
1878 1259 2114 1312 exemplat.

518 1335 678 1379 Surmin.
706 1343 802 1376 Acta
828 1343 992 1376 croatica
1019 1343 1043 1375 I.
1072 1342 1273 1385 Zagrabiae
1301 1343 1403 1381 1898,
1433 1344 1485 1374 73.

830 1512 868 1546 ς).
902 1510 1018 1551 1503.
1040 1511 1101 1538 Io.
1140 1497 1345 1546 Januam',
1378 1496 1501 1537 Rociz'
1537 1497 1769 1549 Tergestz'n.

519 1595 633 1634 Elias
666 1594 840 1634 Pecaric
873 1594 1079 1634 sacerdos
1114 1594 1287 1644 capituli
1321 1593 1469 1633 ruralis
1496 1593 1620 1633 Rocii
1640 1592 1758 1645 apud
1778 1593 2070 1646 Pinguentum
2093 1593 2216 1633 dioe-:
2236 1580 2241 1606 ³

379 1679 532 1706 ceseos
563 1665 844 1718 Tergestinae
878 1667 1061 1717 primam
1095 1666 1383 1704 visitationem
1418 1664 1632 1704 ecclesiae
1665 1663 1923 1716 parochialis
1956 1663 1998 1704 S.
2037 1664 2243 1719 Baubo-35¹

377 1738 534 1777 lomaei
567 1738 621 1776 ab
655 1739 866 1789 episcopo
888 1736 1166 1789 Tergestensi
1201 1736 1326 1775 Petro
1360 1736 1416 1775 de
1437 1735 1637 1775 Bonhom
1659 1742 1880 1787 peractam
1896 1734 2213 1776 characteribus
2239 1751 2243 1776 ι

380 1808 636 1862 glagoliticis
653 1809 694 1846 in
710 1807 922 1848 Breviario
948 1807 1033 1847 Viti
1060 1799 1361 1858 Omisaljensis'
1384 1805 1484 1859 (Csr.
1505 1806 1608 1846 XIV
1628 1819 1658 1846 s.
1681 1806 1720 1846 N
1743 1804 1816 1859 28)
1839 1808 2077 1847 memoriae
2110 1817 2218 1846 con-i
2238 1824 2243 1845 ι

379 1888 529 1919 ΞΙΟἬὸἷ.

417 1912 443 1932 ὃ
520 1947 756 1991 Kukuljevic,
784 1949 879 1982 Acta
905 1948 1077 1987 croatica,
1106 1947 1306 1991 Zagrabiae
1335 1948 1436 1987 1863,
1465 1958 1500 1990 p.
1529 1949 1606 1981 181.

704 2117 765 2143 JO.
798 2115 917 2156 1504,
951 2102 1181 2143 Petrovina
1214 2101 1388 2155 (Velz'ka
1429 2100 1598 2157 Gorica)
1633 2102 1888 2154 Zagrabien.

516 2200 703 2252 Joannes
737 2212 792 2238 ex
827 2198 1078 2250 Stenicnjak
1112 2198 1328 2249 parochus
1362 2197 1403 2238 S.
1450 2198 1559 2238 Petri
1611 2199 1653 2237 in
1704 2198 1942 2248 Petrovina,
1993 2188 2216 2252 glagolitass

382 2270 529 2310 Petrus
563 2271 654 2309 eius
687 2270 935 2321 capellanus
968 2270 1184 2322 glagolita.

2207 2300 2217 2332 ..ιι

447 2398 480 2431 Β
521 2350 982 2431 (ΞῗὶὶὲρῑίςέὁΤΙζειίὂίςίειηεις
1012 2350 1084 2384 Cfr.
1119 2349 1283 2390 'skalcic',
1319 2349 1527 2383 Slavensko
1565 2350 1786 2396 bogosluije
1829 2363 1851 2385 u
1892 2351 2111 2396 Hrvatskoj,
2151 2334 2223 2386 Za''

382 2408 445 2441 era
475 2408 529 2431 iae
581 2402 600 2431 9
631 2402 659 2437 4,
736 2425 742 2431 .

934 2533 993 2560 ΙΙ.
1029 2533 1146 2572 1505,
1178 2522 1236 2560 [8
1267 2520 1431 2567 lllartz'z',
1476 2519 1666 2561 Venetz'ir.

523 2614 740 2654 Antonius
774 2614 956 2654 Susiano
991 2616 1226 2666 patriarcha
1260 2616 1542 2656 venetiarum
1589 2611 1644 2655 ad
1680 2617 1934 2667 petitionem
1971 2615 2127 2655 Prioris
2171 2613 2207 2666 S

379 2686 556 2737 joannis
588 2685 643 2725 de
677 2684 867 2736 Templo
901 2685 1246 2726 Confraternitati
1299 2686 1374 2727 SS.
1411 2686 1589 2740 Georgii
1635 2694 1678 2726 et
1708 2686 1960 2738 Tryphonis
2004 2684 2211 2727 Slavono

384 2769 476 2794 rum
512 2768 636 2796 usum
671 2756 841 2808 linguae
874 2757 1056 2796 slavicae
1101 2759 1141 2796 in
1187 2759 1317 2797 sacris
1370 2759 1409 2796 in
1451 2758 1588 2798 domo
1639 2758 1856 2797 Prioratus
1906 2757 2107 2798 Venetici
2159 2757 2210 2797 d·

382 2826 570 2878 Templo
605 2827 829 2866 interdicit.

524 2908 741 2948 Antonius
774 2907 956 2949 Suriano
991 2913 1264 2951 miseratione
1307 2913 1449 2952 divina
1495 2911 1731 2963 patriarcha
1783 2910 2063 2950 Venetiarum
2113 2910 2209 2950 Da'

384 2969 627 3019 matiaeque
660 2969 831 3019 primas.
862 2968 942 3008 Per
975 2970 1012 3008 el
1045 2977 1169 3009 tenor
1202 2971 1314 3010 della
1347 2978 1548 3022 presente
1598 2969 1881 3022 segnificamo
1932 2983 1956 3009 a
2005 2969 2090 3009 Vui
2143 2981 2196 3022 ga

383 3027 537 3075 staldo,
571 3034 610 3065 et
644 3029 877 3080 compagni
911 3028 1024 3068 della
1070 3029 1249 3070 schuola
1300 3030 1342 3070 di
1395 3029 1627 3070 Schiavoni
1678 3041 1888 3081 appresso
1939 3041 2016 3069 san
2069 3028 2186 3072 Zuan
