<?xml version="1.0" encoding="UTF-8"?>
<!DOCTYPE html PUBLIC "-//W3C//DTD XHTML 1.0 Transitional//EN"
    "http://www.w3.org/TR/xhtml1/DTD/xhtml1-transitional.dtd">
<html xmlns="http://www.w3.org/1999/xhtml" xml:lang="en" lang="en">
 <head>
  <title>
</title>
<meta http-equiv="Content-Type" content="text/html;charset=utf-8" />
  <meta name='ocr-system' content='tesseract 3.04.00' />
  <meta name='ocr-capabilities' content='ocr_page ocr_carea ocr_par ocr_line ocrx_word'/>
</head>
<body>
  <div class='ocr_page' id='page_1' title='image "./fonteshistoricil00jeliuoft_0443.png"; bbox 0 0 2191 3434; ppageno 0'>
   <div class='ocr_carea' id='block_1_1' title="bbox 668 260 1873 303">
    <p class='ocr_par' dir='ltr' id='par_1_1' title="bbox 668 260 1873 303">
     <span class='ocr_line' id='line_1_1' title="bbox 668 260 1873 303; baseline 0.005 -8"><span class='ocrx_word' id='word_1_1' title='bbox 668 260 1214 303; x_wconf 82' lang='lat' dir='ltr'><strong>Glagolito-Romanae</strong></span> <span class='ocrx_word' id='word_1_2' title='bbox 1241 263 1342 299; x_wconf 88' lang='lat' dir='ltr'><strong>XIX.</strong></span> <span class='ocrx_word' id='word_1_3' title='bbox 1371 274 1400 299; x_wconf 75' lang='lat' dir='ltr'><strong>s,</strong></span> <span class='ocrx_word' id='word_1_4' title='bbox 1813 268 1873 301; x_wconf 93' lang='lat'><strong>101</strong></span> 
     </span>
    </p>
   </div>
   <div class='ocr_carea' id='block_1_2' title="bbox 1058 325 1918 331">
    <p class='ocr_par' dir='ltr' id='par_1_2' title="bbox 1058 325 1918 331">
     <span class='ocr_line' id='line_1_2' title="bbox 1058 325 1918 331; baseline 0 0"><span class='ocrx_word' id='word_1_5' title='bbox 1058 325 1918 331; x_wconf 95' lang='lat' dir='ltr'><strong> </strong></span> 
     </span>
    </p>
   </div>
   <div class='ocr_carea' id='block_1_3' title="bbox 128 403 1925 1291">
    <p class='ocr_par' dir='ltr' id='par_1_3' title="bbox 128 403 1925 1291">
     <span class='ocr_line' id='line_1_3' title="bbox 130 403 1925 459; baseline 0.003 -14"><span class='ocrx_word' id='word_1_6' title='bbox 130 406 368 445; x_wconf 81' lang='lat' dir='ltr'><strong>restituatur</strong></span> <span class='ocrx_word' id='word_1_7' title='bbox 415 403 688 456; x_wconf 82' lang='lat' dir='ltr'><strong>Privilegium</strong></span> <span class='ocrx_word' id='word_1_8' title='bbox 736 406 906 456; x_wconf 81' lang='lat' dir='ltr'>linguae</span> <span class='ocrx_word' id='word_1_9' title='bbox 950 406 1288 446; x_wconf 75' lang='lat' dir='ltr'><strong>Palaeoslavicae</strong></span> <span class='ocrx_word' id='word_1_10' title='bbox 1336 408 1375 446; x_wconf 90' lang='lat' dir='ltr'><strong>in</strong></span> <span class='ocrx_word' id='word_1_11' title='bbox 1422 409 1601 459; x_wconf 86' lang='lat' dir='ltr'><strong>Liturgia</strong></span> <span class='ocrx_word' id='word_1_12' title='bbox 1645 411 1684 449; x_wconf 93' lang='lat' dir='ltr'><strong>in</strong></span> <span class='ocrx_word' id='word_1_13' title='bbox 1725 410 1925 451; x_wconf 88' lang='lat' dir='ltr'><strong>Ecclesiis</strong></span> 
     </span>
     <span class='ocr_line' id='line_1_4' title="bbox 131 463 1923 518; baseline 0.002 -13"><span class='ocrx_word' id='word_1_14' title='bbox 131 463 349 512; x_wconf 89' lang='lat' dir='ltr'><strong>locorum;</strong></span> <span class='ocrx_word' id='word_1_15' title='bbox 392 466 429 512; x_wconf 88' lang='lat'><strong>1)</strong></span> <span class='ocrx_word' id='word_1_16' title='bbox 454 465 697 513; x_wconf 79' lang='lat' dir='ltr'><strong>Raccotola,</strong></span> <span class='ocrx_word' id='word_1_17' title='bbox 735 467 776 516; x_wconf 97' lang='grc'><strong>2)</strong></span> <span class='ocrx_word' id='word_1_18' title='bbox 804 467 1039 515; x_wconf 85' lang='lat' dir='ltr'><strong>Lisignana,</strong></span> <span class='ocrx_word' id='word_1_19' title='bbox 1076 467 1118 514; x_wconf 87' lang='grc'><strong>3)</strong></span> <span class='ocrx_word' id='word_1_20' title='bbox 1145 467 1452 515; x_wconf 86' lang='lat' dir='ltr'><strong>Monsbottara,</strong></span> <span class='ocrx_word' id='word_1_21' title='bbox 1488 470 1531 515; x_wconf 82' lang='lat'><strong>4)</strong></span> <span class='ocrx_word' id='word_1_22' title='bbox 1562 470 1720 518; x_wconf 85' lang='lat' dir='ltr'><strong>Turris,</strong></span> <span class='ocrx_word' id='word_1_23' title='bbox 1757 472 1798 517; x_wconf 87' lang='grc'><strong>5)</strong></span> <span class='ocrx_word' id='word_1_24' title='bbox 1825 471 1923 509; x_wconf 78' lang='lat' dir='ltr'><strong>Pro-</strong></span> 
     </span>
     <span class='ocr_line' id='line_1_5' title="bbox 133 524 1920 577; baseline 0.003 -14"><span class='ocrx_word' id='word_1_25' title='bbox 133 525 409 573; x_wconf 90' lang='lat' dir='ltr'><strong>montorium,</strong></span> <span class='ocrx_word' id='word_1_26' title='bbox 439 525 482 572; x_wconf 78' lang='grc' dir='ltr'><strong>ὁ)</strong></span> <span class='ocrx_word' id='word_1_27' title='bbox 510 525 773 573; x_wconf 81' lang='lat' dir='ltr'><strong>Pomeriana,</strong></span> <span class='ocrx_word' id='word_1_28' title='bbox 801 527 843 573; x_wconf 90' lang='grc'><strong>7)</strong></span> <span class='ocrx_word' id='word_1_29' title='bbox 879 524 919 564; x_wconf 88' lang='lat' dir='ltr'><strong>S.</strong></span> <span class='ocrx_word' id='word_1_30' title='bbox 945 526 1124 565; x_wconf 87' lang='lat' dir='ltr'><strong>Ioannes</strong></span> <span class='ocrx_word' id='word_1_31' title='bbox 1147 526 1200 565; x_wconf 92' lang='lat' dir='ltr'><strong>de</strong></span> <span class='ocrx_word' id='word_1_32' title='bbox 1226 525 1384 574; x_wconf 85' lang='lat' dir='ltr'><strong>Sterna,</strong></span> <span class='ocrx_word' id='word_1_33' title='bbox 1420 529 1462 575; x_wconf 90' lang='lat'><strong>8)</strong></span> <span class='ocrx_word' id='word_1_34' title='bbox 1489 527 1698 577; x_wconf 82' lang='lat' dir='ltr'><strong>Caldaria,</strong></span> <span class='ocrx_word' id='word_1_35' title='bbox 1733 530 1775 577; x_wconf 94' lang='lat'><strong>9)</strong></span> <span class='ocrx_word' id='word_1_36' title='bbox 1802 530 1920 568; x_wconf 81' lang='lat' dir='ltr'><strong>Mon</strong></span> 
     </span>
     <span class='ocr_line' id='line_1_6' title="bbox 131 584 1923 635; baseline 0.002 -11"><span class='ocrx_word' id='word_1_37' title='bbox 131 596 238 633; x_wconf 88' lang='lat' dir='ltr'><strong>srea‚</strong></span> <span class='ocrx_word' id='word_1_38' title='bbox 279 585 346 635; x_wconf 98' lang='grc'><strong>10)</strong></span> <span class='ocrx_word' id='word_1_39' title='bbox 382 584 626 633; x_wconf 87' lang='lat' dir='ltr'><strong>Moduldin,</strong></span> <span class='ocrx_word' id='word_1_40' title='bbox 668 586 736 633; x_wconf 93' lang='grc'><strong>11)</strong></span> <span class='ocrx_word' id='word_1_41' title='bbox 773 584 973 632; x_wconf 86' lang='lat' dir='ltr'><strong>Caroiba,</strong></span> <span class='ocrx_word' id='word_1_42' title='bbox 1021 586 1088 632; x_wconf 92' lang='grc'><strong>12)</strong></span> <span class='ocrx_word' id='word_1_43' title='bbox 1125 586 1323 633; x_wconf 79' lang='lat' dir='ltr'><strong>Eontana,</strong></span> <span class='ocrx_word' id='word_1_44' title='bbox 1366 587 1432 634; x_wconf 91' lang='grc'><strong>13)</strong></span> <span class='ocrx_word' id='word_1_45' title='bbox 1468 588 1624 635; x_wconf 85' lang='lat' dir='ltr'><strong>Altura,</strong></span> <span class='ocrx_word' id='word_1_46' title='bbox 1664 588 1732 635; x_wconf 77' lang='lat'><strong>14)</strong></span> <span class='ocrx_word' id='word_1_47' title='bbox 1769 588 1807 628; x_wconf 91' lang='lat' dir='ltr'><strong>S.</strong></span> <span class='ocrx_word' id='word_1_48' title='bbox 1835 589 1923 628; x_wconf 88' lang='lat' dir='ltr'><strong>Do-</strong></span> 
     </span>
     <span class='ocr_line' id='line_1_7' title="bbox 131 642 1923 697; baseline 0.003 -15"><span class='ocrx_word' id='word_1_49' title='bbox 131 644 309 692; x_wconf 89' lang='lat' dir='ltr'><strong>menica‚</strong></span> <span class='ocrx_word' id='word_1_50' title='bbox 351 642 418 695; x_wconf 87' lang='lat'><strong>15)</strong></span> <span class='ocrx_word' id='word_1_51' title='bbox 454 642 689 691; x_wconf 87' lang='lat' dir='ltr'><strong>Villanova,</strong></span> <span class='ocrx_word' id='word_1_52' title='bbox 739 646 807 689; x_wconf 85' lang='lat'><strong>16)</strong></span> <span class='ocrx_word' id='word_1_53' title='bbox 843 645 1038 692; x_wconf 86' lang='lat' dir='ltr'><strong>Novaco,</strong></span> <span class='ocrx_word' id='word_1_54' title='bbox 1089 646 1155 695; x_wconf 89' lang='grc'><strong>17)</strong></span> <span class='ocrx_word' id='word_1_55' title='bbox 1193 644 1422 694; x_wconf 88' lang='lat' dir='ltr'><strong>Castellini,</strong></span> <span class='ocrx_word' id='word_1_56' title='bbox 1474 648 1540 693; x_wconf 72' lang='grc'><strong>18)</strong></span> <span class='ocrx_word' id='word_1_57' title='bbox 1577 648 1923 697; x_wconf 77' lang='lat' dir='ltr'><strong>Monspaternus,</strong></span> 
     </span>
     <span class='ocr_line' id='line_1_8' title="bbox 133 703 1922 757; baseline 0.003 -15"><span class='ocrx_word' id='word_1_58' title='bbox 133 707 172 743; x_wconf 87' lang='lat' dir='ltr'><strong>et</strong></span> <span class='ocrx_word' id='word_1_59' title='bbox 209 704 277 755; x_wconf 88' lang='lat'><strong>19)</strong></span> <span class='ocrx_word' id='word_1_60' title='bbox 304 703 575 753; x_wconf 89' lang='lat' dir='ltr'><strong>Vossignani.</strong></span> <span class='ocrx_word' id='word_1_61' title='bbox 602 703 727 743; x_wconf 89' lang='lat' dir='ltr'><strong>Sacra</strong></span> <span class='ocrx_word' id='word_1_62' title='bbox 752 716 884 754; x_wconf 89' lang='lat' dir='ltr'><strong>porro</strong></span> <span class='ocrx_word' id='word_1_63' title='bbox 911 705 1078 746; x_wconf 76' lang='lat' dir='ltr'><strong>Rituum</strong></span> <span class='ocrx_word' id='word_1_64' title='bbox 1104 704 1415 755; x_wconf 86' lang='lat' dir='ltr'><strong>Congregatio,</strong></span> <span class='ocrx_word' id='word_1_65' title='bbox 1448 706 1655 746; x_wconf 76' lang='lat' dir='ltr'><strong>referente</strong></span> <span class='ocrx_word' id='word_1_66' title='bbox 1680 708 1922 757; x_wconf 88' lang='lat' dir='ltr'><strong>subscripto</strong></span> 
     </span>
     <span class='ocr_line' id='line_1_9' title="bbox 134 762 1925 815; baseline 0.002 -12"><span class='ocrx_word' id='word_1_67' title='bbox 134 762 386 810; x_wconf 88' lang='lat' dir='ltr'><strong>Secretario,</strong></span> <span class='ocrx_word' id='word_1_68' title='bbox 422 764 586 803; x_wconf 89' lang='lat' dir='ltr'><strong>attentis</strong></span> <span class='ocrx_word' id='word_1_69' title='bbox 632 764 775 803; x_wconf 88' lang='lat' dir='ltr'><strong>litteris</strong></span> <span class='ocrx_word' id='word_1_70' title='bbox 811 763 914 805; x_wconf 79' lang='lat' dir='ltr'><strong>R.mi</strong></span> <span class='ocrx_word' id='word_1_71' title='bbox 952 764 1049 802; x_wconf 91' lang='lat' dir='ltr'><strong>D.ni</strong></span> <span class='ocrx_word' id='word_1_72' title='bbox 1084 764 1286 815; x_wconf 79' lang='lat' dir='ltr'>Episcopi</span> <span class='ocrx_word' id='word_1_73' title='bbox 1323 765 1471 805; x_wconf 79' lang='lat' dir='ltr'><strong>Parent</strong></span> <span class='ocrx_word' id='word_1_74' title='bbox 1495 764 1682 813; x_wconf 77' lang='lat' dir='ltr'><strong>-Polen,</strong></span> <span class='ocrx_word' id='word_1_75' title='bbox 1719 767 1823 806; x_wconf 88' lang='lat' dir='ltr'><strong>datis</strong></span> <span class='ocrx_word' id='word_1_76' title='bbox 1858 767 1925 806; x_wconf 93' lang='lat' dir='ltr'><strong>die</strong></span> 
     </span>
     <span class='ocr_line' id='line_1_10' title="bbox 133 822 1925 874; baseline 0.002 -12"><span class='ocrx_word' id='word_1_77' title='bbox 133 824 188 862; x_wconf 86' lang='lat'><strong>20</strong></span> <span class='ocrx_word' id='word_1_78' title='bbox 223 822 489 873; x_wconf 84' lang='lat' dir='ltr'><strong>Septembris</strong></span> <span class='ocrx_word' id='word_1_79' title='bbox 530 824 654 871; x_wconf 91' lang='lat'>1898,</span> <span class='ocrx_word' id='word_1_80' title='bbox 692 823 851 874; x_wconf 86' lang='lat' dir='ltr'><strong>quibus</strong></span> <span class='ocrx_word' id='word_1_81' title='bbox 885 825 976 874; x_wconf 90' lang='lat' dir='ltr'><strong>ipse</strong></span> <span class='ocrx_word' id='word_1_82' title='bbox 1013 824 1240 863; x_wconf 80' lang='lat' dir='ltr'><strong>declaravit</strong></span> <span class='ocrx_word' id='word_1_83' title='bbox 1274 825 1312 863; x_wconf 92' lang='lat' dir='ltr'><strong>in</strong></span> <span class='ocrx_word' id='word_1_84' title='bbox 1348 836 1422 864; x_wconf 89' lang='lat' dir='ltr'><strong>sua</strong></span> <span class='ocrx_word' id='word_1_85' title='bbox 1443 825 1645 864; x_wconf 90' lang='lat' dir='ltr'><strong>Dioecesi</strong></span> <span class='ocrx_word' id='word_1_86' title='bbox 1677 838 1762 865; x_wconf 92' lang='lat' dir='ltr'><strong>non</strong></span> <span class='ocrx_word' id='word_1_87' title='bbox 1789 830 1925 866; x_wconf 80' lang='lat' dir='ltr'><strong>extare</strong></span> 
     </span>
     <span class='ocr_line' id='line_1_11' title="bbox 131 880 1925 935; baseline 0.002 -14"><span class='ocrx_word' id='word_1_88' title='bbox 131 880 364 922; x_wconf 82' lang='lat' dir='ltr'><strong>Ecclesiam</strong></span> <span class='ocrx_word' id='word_1_89' title='bbox 400 884 440 922; x_wconf 92' lang='lat' dir='ltr'><strong>in</strong></span> <span class='ocrx_word' id='word_1_90' title='bbox 476 895 559 933; x_wconf 83' lang='lat' dir='ltr'><strong>qua</strong></span> <span class='ocrx_word' id='word_1_91' title='bbox 594 895 697 922; x_wconf 90' lang='lat' dir='ltr'><strong>usus</strong></span> <span class='ocrx_word' id='word_1_92' title='bbox 732 884 904 934; x_wconf 84' lang='lat' dir='ltr'><strong>linguae</strong></span> <span class='ocrx_word' id='word_1_93' title='bbox 940 881 1281 923; x_wconf 74' lang='lat' dir='ltr'><strong>Palaeoslavicae</strong></span> <span class='ocrx_word' id='word_1_94' title='bbox 1308 885 1347 923; x_wconf 93' lang='lat' dir='ltr'><strong>in</strong></span> <span class='ocrx_word' id='word_1_95' title='bbox 1373 885 1537 934; x_wconf 80' lang='lat' dir='ltr'><strong>liturgia</strong></span> <span class='ocrx_word' id='word_1_96' title='bbox 1571 886 1736 935; x_wconf 86' lang='lat' dir='ltr'><strong>triginta</strong></span> <span class='ocrx_word' id='word_1_97' title='bbox 1770 886 1925 925; x_wconf 87' lang='lat' dir='ltr'><strong>abhinc</strong></span> 
     </span>
     <span class='ocr_line' id='line_1_12' title="bbox 128 943 1924 995; baseline 0.002 -14"><span class='ocrx_word' id='word_1_98' title='bbox 128 944 251 983; x_wconf 89' lang='lat' dir='ltr'><strong>annis</strong></span> <span class='ocrx_word' id='word_1_99' title='bbox 284 943 418 993; x_wconf 82' lang='lat' dir='ltr'><strong>viget3</strong></span> <span class='ocrx_word' id='word_1_100' title='bbox 454 946 580 992; x_wconf 88' lang='lat' dir='ltr'><strong>atque</strong></span> <span class='ocrx_word' id='word_1_101' title='bbox 616 943 875 986; x_wconf 85' lang='lat' dir='ltr'><strong>examinatis,</strong></span> <span class='ocrx_word' id='word_1_102' title='bbox 910 946 993 982; x_wconf 89' lang='lat' dir='ltr'><strong>tam</strong></span> <span class='ocrx_word' id='word_1_103' title='bbox 1028 944 1066 982; x_wconf 92' lang='lat' dir='ltr'><strong>in</strong></span> <span class='ocrx_word' id='word_1_104' title='bbox 1104 955 1263 993; x_wconf 81' lang='lat' dir='ltr'><strong>genere</strong></span> <span class='ocrx_word' id='word_1_105' title='bbox 1299 956 1427 994; x_wconf 81' lang='lat' dir='ltr'><strong>quam</strong></span> <span class='ocrx_word' id='word_1_106' title='bbox 1463 945 1502 983; x_wconf 92' lang='lat' dir='ltr'><strong>in</strong></span> <span class='ocrx_word' id='word_1_107' title='bbox 1537 946 1694 995; x_wconf 84' lang='lat' dir='ltr'><strong>specie,</strong></span> <span class='ocrx_word' id='word_1_108' title='bbox 1731 944 1924 995; x_wconf 82' lang='lat' dir='ltr'><strong>praetatis</strong></span> 
     </span>
     <span class='ocr_line' id='line_1_13' title="bbox 131 1000 1922 1054; baseline 0.002 -14"><span class='ocrx_word' id='word_1_109' title='bbox 131 1000 400 1052; x_wconf 85' lang='lat' dir='ltr'><strong>supplicibus</strong></span> <span class='ocrx_word' id='word_1_110' title='bbox 435 1002 605 1052; x_wconf 88' lang='lat' dir='ltr'><strong>libellis,</strong></span> <span class='ocrx_word' id='word_1_111' title='bbox 640 1003 966 1042; x_wconf 91' lang='lat' dir='ltr'><strong>rescribendum</strong></span> <span class='ocrx_word' id='word_1_112' title='bbox 1002 1004 1184 1042; x_wconf 85' lang='lat' dir='ltr'><strong>censuit:</strong></span> <span class='ocrx_word' id='word_1_113' title='bbox 1220 1002 1431 1042; x_wconf 86' lang='lat' dir='ltr'><strong>Ecclesias</strong></span> <span class='ocrx_word' id='word_1_114' title='bbox 1466 1005 1731 1054; x_wconf 89' lang='lat' dir='ltr'><strong>supradictas</strong></span> <span class='ocrx_word' id='word_1_115' title='bbox 1755 1006 1818 1044; x_wconf 91' lang='lat' dir='ltr'><strong>ius</strong></span> <span class='ocrx_word' id='word_1_116' title='bbox 1838 1017 1922 1044; x_wconf 93' lang='lat' dir='ltr'><strong>non</strong></span> 
     </span>
     <span class='ocr_line' id='line_1_14' title="bbox 132 1062 1924 1115; baseline 0.001 -14"><span class='ocrx_word' id='word_1_117' title='bbox 132 1062 290 1101; x_wconf 89' lang='lat' dir='ltr'><strong>habere</strong></span> <span class='ocrx_word' id='word_1_118' title='bbox 338 1062 390 1101; x_wconf 90' lang='lat' dir='ltr'><strong>ad</strong></span> <span class='ocrx_word' id='word_1_119' title='bbox 435 1062 705 1111; x_wconf 88' lang='lat' dir='ltr'><strong>privilegium</strong></span> <span class='ocrx_word' id='word_1_120' title='bbox 751 1063 1020 1102; x_wconf 74' lang='lat' dir='ltr'><strong>pontificium</strong></span> <span class='ocrx_word' id='word_1_121' title='bbox 1065 1063 1235 1112; x_wconf 81' lang='lat' dir='ltr'><strong>linguae</strong></span> <span class='ocrx_word' id='word_1_122' title='bbox 1282 1063 1620 1103; x_wconf 78' lang='lat' dir='ltr'><strong>Palaeoslavicae</strong></span> <span class='ocrx_word' id='word_1_123' title='bbox 1665 1065 1703 1103; x_wconf 91' lang='lat' dir='ltr'><strong>in</strong></span> <span class='ocrx_word' id='word_1_124' title='bbox 1746 1065 1924 1115; x_wconf 73' lang='lat' dir='ltr'><strong>liturgia,</strong></span> 
     </span>
     <span class='ocr_line' id='line_1_15' title="bbox 132 1122 1923 1173; baseline 0.002 -13"><span class='ocrx_word' id='word_1_125' title='bbox 132 1122 241 1160; x_wconf 89' lang='lat' dir='ltr'><strong>iuxta</strong></span> <span class='ocrx_word' id='word_1_126' title='bbox 276 1123 534 1172; x_wconf 84' lang='lat' dir='ltr'><strong>praescripta</strong></span> <span class='ocrx_word' id='word_1_127' title='bbox 569 1123 609 1160; x_wconf 95' lang='lat' dir='ltr'><strong>in</strong></span> <span class='ocrx_word' id='word_1_128' title='bbox 646 1123 806 1161; x_wconf 86' lang='lat' dir='ltr'><strong>Litteris</strong></span> <span class='ocrx_word' id='word_1_129' title='bbox 841 1122 992 1161; x_wconf 85' lang='lat' dir='ltr'><strong>Sacrae</strong></span> <span class='ocrx_word' id='word_1_130' title='bbox 1028 1123 1161 1173; x_wconf 89' lang='lat' dir='ltr'><strong>ipsius</strong></span> <span class='ocrx_word' id='word_1_131' title='bbox 1186 1122 1550 1173; x_wconf 87' lang='lat' dir='ltr'><strong>Congregationis</strong></span> <span class='ocrx_word' id='word_1_132' title='bbox 1573 1124 1677 1163; x_wconf 88' lang='lat' dir='ltr'><strong>datis</strong></span> <span class='ocrx_word' id='word_1_133' title='bbox 1702 1124 1771 1163; x_wconf 92' lang='lat' dir='ltr'><strong>die</strong></span> <span class='ocrx_word' id='word_1_134' title='bbox 1794 1126 1817 1163; x_wconf 89' lang='lat'><strong>5</strong></span> <span class='ocrx_word' id='word_1_135' title='bbox 1841 1125 1923 1163; x_wconf 90' lang='lat' dir='ltr'><strong>Au-</strong></span> 
     </span>
     <span class='ocr_line' id='line_1_16' title="bbox 130 1181 1922 1233; baseline 0.001 -13"><span class='ocrx_word' id='word_1_136' title='bbox 130 1182 242 1232; x_wconf 83' lang='lat' dir='ltr'><strong>gusti</strong></span> <span class='ocrx_word' id='word_1_137' title='bbox 295 1182 403 1221; x_wconf 92' lang='lat'>1898</span> <span class='ocrx_word' id='word_1_138' title='bbox 447 1194 486 1221; x_wconf 91' lang='lat' dir='ltr'><strong>n.</strong></span> <span class='ocrx_word' id='word_1_139' title='bbox 522 1182 546 1221; x_wconf 93' lang='lat'><strong>1.</strong></span> <span class='ocrx_word' id='word_1_140' title='bbox 584 1185 622 1221; x_wconf 94' lang='lat' dir='ltr'><strong>et</strong></span> <span class='ocrx_word' id='word_1_141' title='bbox 658 1181 866 1221; x_wconf 88' lang='lat' dir='ltr'><strong>Oratores</strong></span> <span class='ocrx_word' id='word_1_142' title='bbox 914 1182 1073 1221; x_wconf 89' lang='lat' dir='ltr'><strong>iudicio</strong></span> <span class='ocrx_word' id='word_1_143' title='bbox 1122 1182 1226 1224; x_wconf 78' lang='lat' dir='ltr'><strong>Rmi</strong></span> <span class='ocrx_word' id='word_1_144' title='bbox 1272 1183 1473 1233; x_wconf 82' lang='lat' dir='ltr'><strong>Episcopi</strong></span> <span class='ocrx_word' id='word_1_145' title='bbox 1522 1184 1727 1222; x_wconf 70' lang='lat' dir='ltr'><strong>Parentin.</strong></span> <span class='ocrx_word' id='word_1_146' title='bbox 1776 1184 1922 1222; x_wconf 79' lang='lat' dir='ltr'><strong>Polen.</strong></span> 
     </span>
     <span class='ocr_line' id='line_1_17' title="bbox 132 1241 672 1291; baseline 0.002 -11"><span class='ocrx_word' id='word_1_147' title='bbox 132 1241 434 1291; x_wconf 89' lang='lat' dir='ltr'><strong>obtemperare</strong></span> <span class='ocrx_word' id='word_1_148' title='bbox 471 1241 672 1281; x_wconf 82' lang='lat' dir='ltr'><strong>debere.“</strong></span> 
     </span>
    </p>
   </div>
   <div class='ocr_carea' id='block_1_4' title="bbox 278 1325 1326 1375">
    <p class='ocr_par' dir='ltr' id='par_1_4' title="bbox 278 1325 1326 1375">
     <span class='ocr_line' id='line_1_18' title="bbox 278 1325 1326 1375; baseline 0 -11"><span class='ocrx_word' id='word_1_149' title='bbox 278 1326 418 1375; x_wconf 89' lang='lat' dir='ltr'><strong>Atque</strong></span> <span class='ocrx_word' id='word_1_150' title='bbox 454 1325 504 1364; x_wconf 90' lang='lat' dir='ltr'><strong>ita</strong></span> <span class='ocrx_word' id='word_1_151' title='bbox 539 1326 767 1375; x_wconf 87' lang='lat' dir='ltr'><strong>rescripsit.</strong></span> <span class='ocrx_word' id='word_1_152' title='bbox 804 1325 884 1364; x_wconf 90' lang='lat' dir='ltr'><strong>Die</strong></span> <span class='ocrx_word' id='word_1_153' title='bbox 919 1326 967 1364; x_wconf 92' lang='grc'><strong>21</strong></span> <span class='ocrx_word' id='word_1_154' title='bbox 1010 1325 1164 1375; x_wconf 77' lang='lat' dir='ltr'><strong>Aprilis</strong></span> <span class='ocrx_word' id='word_1_155' title='bbox 1204 1326 1326 1364; x_wconf 92' lang='lat'>1899.</span> 
     </span>
    </p>
   </div>
   <div class='ocr_carea' id='block_1_5' title="bbox 1183 1407 1800 1521">
    <p class='ocr_par' dir='ltr' id='par_1_5' title="bbox 1183 1407 1800 1521">
     <span class='ocr_line' id='line_1_19' title="bbox 1186 1407 1800 1449; baseline -0.002 0"><span class='ocrx_word' id='word_1_156' title='bbox 1186 1409 1234 1449; x_wconf 88' lang='lat' dir='ltr'><strong>C.</strong></span> <span class='ocrx_word' id='word_1_157' title='bbox 1271 1409 1397 1448; x_wconf 89' lang='lat' dir='ltr'><strong>Card.</strong></span> <span class='ocrx_word' id='word_1_158' title='bbox 1434 1407 1635 1448; x_wconf 84' lang='lat' dir='ltr'><strong>Mazzella</strong></span> <span class='ocrx_word' id='word_1_159' title='bbox 1671 1410 1800 1449; x_wconf 74' lang='lat' dir='ltr'><strong>Praei.</strong></span> 
     </span>
     <span class='ocr_line' id='line_1_20' title="bbox 1183 1480 1560 1521; baseline 0.003 -2"><span class='ocrx_word' id='word_1_160' title='bbox 1183 1481 1234 1520; x_wconf 89' lang='lat' dir='ltr'><strong>D.</strong></span> <span class='ocrx_word' id='word_1_161' title='bbox 1271 1481 1411 1520; x_wconf 72' lang='lat' dir='ltr'><strong>Panici</strong></span> <span class='ocrx_word' id='word_1_162' title='bbox 1446 1480 1560 1521; x_wconf 89' lang='lat' dir='ltr'><strong>Secr.</strong></span> 
     </span>
    </p>
   </div>
   <div class='ocr_carea' id='block_1_6' title="bbox 128 1575 1921 1684">
    <p class='ocr_par' dir='ltr' id='par_1_6' title="bbox 128 1575 1921 1684">
     <span class='ocr_line' id='line_1_21' title="bbox 276 1575 1921 1627; baseline -0.001 -12"><span class='ocrx_word' id='word_1_163' title='bbox 276 1575 333 1615; x_wconf 91' lang='lat' dir='ltr'><strong>Sit</strong></span> <span class='ocrx_word' id='word_1_164' title='bbox 367 1577 492 1626; x_wconf 89' lang='lat' dir='ltr'><strong>igitur</strong></span> <span class='ocrx_word' id='word_1_165' title='bbox 526 1589 626 1616; x_wconf 86' lang='lat' dir='ltr'><strong>cura</strong></span> <span class='ocrx_word' id='word_1_166' title='bbox 659 1577 765 1617; x_wconf 84' lang='lat' dir='ltr'><strong>Ven.</strong></span> <span class='ocrx_word' id='word_1_167' title='bbox 802 1576 930 1626; x_wconf 88' lang='lat' dir='ltr'><strong>Cleri,</strong></span> <span class='ocrx_word' id='word_1_168' title='bbox 967 1580 1009 1616; x_wconf 88' lang='lat' dir='ltr'><strong>ut</strong></span> <span class='ocrx_word' id='word_1_169' title='bbox 1043 1576 1096 1616; x_wconf 91' lang='lat' dir='ltr'><strong>de</strong></span> <span class='ocrx_word' id='word_1_170' title='bbox 1120 1580 1268 1615; x_wconf 87' lang='lat' dir='ltr'><strong>tenore</strong></span> <span class='ocrx_word' id='word_1_171' title='bbox 1293 1577 1418 1615; x_wconf 89' lang='lat' dir='ltr'><strong>huius</strong></span> <span class='ocrx_word' id='word_1_172' title='bbox 1444 1577 1648 1627; x_wconf 76' lang='lat' dir='ltr'><strong>Rescripti</strong></span> <span class='ocrx_word' id='word_1_173' title='bbox 1673 1577 1710 1624; x_wconf 88' lang='lat' dir='ltr'><strong>ii,</strong></span> <span class='ocrx_word' id='word_1_174' title='bbox 1738 1588 1921 1626; x_wconf 84' lang='lat' dir='ltr'><strong>quorum</strong></span> 
     </span>
     <span class='ocr_line' id='line_1_22' title="bbox 128 1636 626 1684; baseline 0 -9"><span class='ocrx_word' id='word_1_175' title='bbox 128 1636 315 1684; x_wconf 82' lang='lat' dir='ltr'><strong>interest,</strong></span> <span class='ocrx_word' id='word_1_176' title='bbox 351 1637 626 1676; x_wconf 87' lang='lat' dir='ltr'><strong>edoceantur.</strong></span> 
     </span>
    </p>
   </div>
   <div class='ocr_carea' id='block_1_7' title="bbox 471 1719 1578 1852">
    <p class='ocr_par' dir='ltr' id='par_1_7' title="bbox 471 1719 1578 1852">
     <span class='ocr_line' id='line_1_23' title="bbox 471 1719 1578 1770; baseline -0.002 -11"><span class='ocrx_word' id='word_1_177' title='bbox 471 1720 534 1759; x_wconf 91' lang='lat' dir='ltr'><strong>Ab</strong></span> <span class='ocrx_word' id='word_1_178' title='bbox 571 1719 845 1759; x_wconf 85' lang='lat' dir='ltr'><strong>Ordinariatu</strong></span> <span class='ocrx_word' id='word_1_179' title='bbox 881 1720 1123 1770; x_wconf 88' lang='lat' dir='ltr'><strong>Episcopali</strong></span> <span class='ocrx_word' id='word_1_180' title='bbox 1159 1719 1578 1758; x_wconf 67' lang='lat' dir='ltr'><strong>Parentino—Polensi</strong></span> 
     </span>
     <span class='ocr_line' id='line_1_24' title="bbox 702 1803 1354 1852; baseline -0.002 -10"><span class='ocrx_word' id='word_1_181' title='bbox 702 1803 893 1850; x_wconf 79' lang='lat' dir='ltr'><strong>Parentii,</strong></span> <span class='ocrx_word' id='word_1_182' title='bbox 930 1803 999 1842; x_wconf 90' lang='lat' dir='ltr'><strong>die</strong></span> <span class='ocrx_word' id='word_1_183' title='bbox 1034 1804 1058 1842; x_wconf 84' lang='lat'>3</span> <span class='ocrx_word' id='word_1_184' title='bbox 1094 1803 1191 1852; x_wconf 82' lang='lat' dir='ltr'><strong>Maji</strong></span> <span class='ocrx_word' id='word_1_185' title='bbox 1232 1803 1354 1842; x_wconf 91' lang='lat'>1899.</span> 
     </span>
    </p>
   </div>
   <div class='ocr_carea' id='block_1_8' title="bbox 805 1886 1259 1999">
    <p class='ocr_par' dir='ltr' id='par_1_8' title="bbox 805 1886 1259 1999">
     <span class='ocr_line' id='line_1_25' title="bbox 805 1886 1259 1936; baseline -0.002 -11"><span class='ocrx_word' id='word_1_186' title='bbox 805 1892 827 1932; x_wconf 47' lang='grc' dir='ltr'><em>ἢ</em></span> <span class='ocrx_word' id='word_1_187' title='bbox 859 1887 1045 1936; x_wconf 84' lang='lat' dir='ltr'><strong>Joannes</strong></span> <span class='ocrx_word' id='word_1_188' title='bbox 1080 1886 1259 1935; x_wconf 82' lang='lat' dir='ltr'><strong>Baptista</strong></span> 
     </span>
     <span class='ocr_line' id='line_1_26' title="bbox 916 1955 1142 1999; baseline 0 -10"><span class='ocrx_word' id='word_1_189' title='bbox 916 1955 1142 1999; x_wconf 81' lang='lat' dir='ltr'><strong>Episcopus.</strong></span> 
     </span>
    </p>
   </div>
   <div class='ocr_carea' id='block_1_9' title="bbox 130 2024 1923 2167">
    <p class='ocr_par' dir='ltr' id='par_1_9' title="bbox 130 2024 1923 2167">
     <span class='ocr_line' id='line_1_27' title="bbox 275 2024 1923 2071; baseline -0.002 -10"><span class='ocrx_word' id='word_1_190' title='bbox 275 2027 402 2071; x_wconf 89' lang='lat' dir='ltr'><strong>Apud.</strong></span> <span class='ocrx_word' id='word_1_191' title='bbox 430 2027 456 2071; x_wconf 94' lang='lat' dir='ltr'><strong>J.</strong></span> <span class='ocrx_word' id='word_1_192' title='bbox 481 2027 644 2069; x_wconf 78' lang='lat' dir='ltr'><strong>Prodan,</strong></span> <span class='ocrx_word' id='word_1_193' title='bbox 684 2027 810 2061; x_wconf 81' lang='lat' dir='ltr'><strong>Borba</strong></span> <span class='ocrx_word' id='word_1_194' title='bbox 843 2037 885 2061; x_wconf 89' lang='lat' dir='ltr'><strong>za</strong></span> <span class='ocrx_word' id='word_1_195' title='bbox 921 2026 1122 2071; x_wconf 83' lang='lat' dir='ltr'><strong>glagolicu‚</strong></span> <span class='ocrx_word' id='word_1_196' title='bbox 1158 2025 1281 2060; x_wconf 80' lang='lat' dir='ltr'><strong>Zadar</strong></span> <span class='ocrx_word' id='word_1_197' title='bbox 1321 2025 1422 2066; x_wconf 88' lang='lat'>1900,</span> <span class='ocrx_word' id='word_1_198' title='bbox 1450 2036 1485 2069; x_wconf 87' lang='lat' dir='ltr'><strong>p.</strong></span> <span class='ocrx_word' id='word_1_199' title='bbox 1509 2025 1576 2059; x_wconf 85' lang='grc'><strong>202</strong></span> <span class='ocrx_word' id='word_1_200' title='bbox 1605 2035 1632 2059; x_wconf 92' lang='lat' dir='ltr'><strong>s.</strong></span> <span class='ocrx_word' id='word_1_201' title='bbox 1671 2024 1783 2066; x_wconf 85' lang='lat' dir='ltr'><strong>Nota,</strong></span> <span class='ocrx_word' id='word_1_202' title='bbox 1818 2024 1923 2068; x_wconf 86' lang='lat' dir='ltr'><strong>quod</strong></span> 
     </span>
     <span class='ocr_line' id='line_1_28' title="bbox 130 2072 1923 2119; baseline -0.002 -10"><span class='ocrx_word' id='word_1_203' title='bbox 130 2075 296 2110; x_wconf 87' lang='lat' dir='ltr'><strong>Decreto</strong></span> <span class='ocrx_word' id='word_1_204' title='bbox 327 2074 361 2110; x_wconf 89' lang='lat' dir='ltr'><strong>S.</strong></span> <span class='ocrx_word' id='word_1_205' title='bbox 384 2075 535 2112; x_wconf 79' lang='lat' dir='ltr'><strong>Rituum</strong></span> <span class='ocrx_word' id='word_1_206' title='bbox 567 2075 889 2119; x_wconf 83' lang='lat' dir='ltr'><strong>Congregationis</strong></span> <span class='ocrx_word' id='word_1_207' title='bbox 920 2076 962 2109; x_wconf 78' lang='lat'><strong>14</strong></span> <span class='ocrx_word' id='word_1_208' title='bbox 989 2074 1151 2118; x_wconf 90' lang='lat' dir='ltr'><strong>Augusti</strong></span> <span class='ocrx_word' id='word_1_209' title='bbox 1182 2073 1272 2108; x_wconf 87' lang='lat'>1900</span> <span class='ocrx_word' id='word_1_210' title='bbox 1298 2072 1376 2117; x_wconf 78' lang='lat' dir='ltr'><strong>(cfr.</strong></span> <span class='ocrx_word' id='word_1_211' title='bbox 1400 2073 1446 2107; x_wconf 85' lang='lat' dir='ltr'><strong>N.</strong></span> <span class='ocrx_word' id='word_1_212' title='bbox 1470 2073 1536 2107; x_wconf 92' lang='lat'><strong>109</strong></span> <span class='ocrx_word' id='word_1_213' title='bbox 1562 2072 1609 2114; x_wconf 92' lang='lat' dir='ltr'><strong>A)</strong></span> <span class='ocrx_word' id='word_1_214' title='bbox 1638 2073 1739 2107; x_wconf 87' lang='lat' dir='ltr'><strong>basis</strong></span> <span class='ocrx_word' id='word_1_215' title='bbox 1767 2072 1923 2106; x_wconf 87' lang='lat' dir='ltr'><strong>iuridica</strong></span> 
     </span>
     <span class='ocr_line' id='line_1_29' title="bbox 131 2122 758 2167; baseline 0.002 -11"><span class='ocrx_word' id='word_1_216' title='bbox 131 2123 243 2158; x_wconf 90' lang='lat' dir='ltr'><strong>huius</strong></span> <span class='ocrx_word' id='word_1_217' title='bbox 271 2122 455 2167; x_wconf 80' lang='lat' dir='ltr'><strong>Rescripti</strong></span> <span class='ocrx_word' id='word_1_218' title='bbox 482 2123 663 2158; x_wconf 85' lang='lat' dir='ltr'><strong>innovata</strong></span> <span class='ocrx_word' id='word_1_219' title='bbox 691 2125 758 2158; x_wconf 89' lang='lat' dir='ltr'><strong>est.</strong></span> 
     </span>
    </p>
   </div>
   <div class='ocr_carea' id='block_1_10' title="bbox 535 2252 1525 2308">
    <p class='ocr_par' dir='ltr' id='par_1_10' title="bbox 535 2252 1525 2308">
     <span class='ocr_line' id='line_1_30' title="bbox 535 2252 1525 2308; baseline -0.002 -12"><span class='ocrx_word' id='word_1_220' title='bbox 535 2257 641 2298; x_wconf 78' lang='grc'><strong>114.</strong></span> <span class='ocrx_word' id='word_1_221' title='bbox 681 2255 819 2306; x_wconf 81' lang='grc'>1900,</span> <span class='ocrx_word' id='word_1_222' title='bbox 856 2256 884 2297; x_wconf 82' lang='grc'>3</span> <span class='ocrx_word' id='word_1_223' title='bbox 919 2253 1208 2308; x_wconf 50' lang='lat' dir='ltr'><strong>Septembris</strong></span> <span class='ocrx_word' id='word_1_224' title='bbox 1246 2252 1525 2307; x_wconf 78' lang='lat' dir='ltr'><strong>Zagmbz&#39;ae.</strong></span> 
     </span>
    </p>
   </div>
   <div class='ocr_carea' id='block_1_11' title="bbox 130 2347 1925 3258">
    <p class='ocr_par' dir='ltr' id='par_1_11' title="bbox 130 2347 1925 3258">
     <span class='ocr_line' id='line_1_31' title="bbox 278 2347 1922 2402; baseline -0.004 -10"><span class='ocrx_word' id='word_1_225' title='bbox 278 2353 443 2392; x_wconf 75' lang='lat' dir='ltr'><strong>Primus</strong></span> <span class='ocrx_word' id='word_1_226' title='bbox 478 2352 755 2402; x_wconf 88' lang='lat' dir='ltr'><strong>Congressus</strong></span> <span class='ocrx_word' id='word_1_227' title='bbox 791 2350 1026 2391; x_wconf 88' lang='lat' dir='ltr'><strong>catholicus</strong></span> <span class='ocrx_word' id='word_1_228' title='bbox 1062 2351 1285 2391; x_wconf 88' lang='lat' dir='ltr'><strong>Croaticus</strong></span> <span class='ocrx_word' id='word_1_229' title='bbox 1318 2349 1552 2399; x_wconf 86' lang='lat' dir='ltr'><strong>Zagrabiae</strong></span> <span class='ocrx_word' id='word_1_230' title='bbox 1588 2348 1741 2387; x_wconf 88' lang='lat' dir='ltr'><strong>diebus</strong></span> <span class='ocrx_word' id='word_1_231' title='bbox 1772 2348 1795 2386; x_wconf 86' lang='lat'>3</span> <span class='ocrx_word' id='word_1_232' title='bbox 1822 2347 1874 2386; x_wconf 88' lang='lat' dir='ltr'><strong>ad</strong></span> <span class='ocrx_word' id='word_1_233' title='bbox 1900 2349 1922 2385; x_wconf 84' lang='lat'><strong>5</strong></span> 
     </span>
     <span class='ocr_line' id='line_1_32' title="bbox 130 2417 1924 2474; baseline -0.003 -12"><span class='ocrx_word' id='word_1_234' title='bbox 130 2423 398 2474; x_wconf 82' lang='lat' dir='ltr'><strong>Septembris</strong></span> <span class='ocrx_word' id='word_1_235' title='bbox 432 2437 453 2464; x_wconf 89' lang='lat' dir='ltr'><strong>a</strong></span> <span class='ocrx_word' id='word_1_236' title='bbox 488 2422 652 2463; x_wconf 85' lang='lat' dir='ltr'><strong>clericis</strong></span> <span class='ocrx_word' id='word_1_237' title='bbox 688 2427 726 2463; x_wconf 90' lang='lat' dir='ltr'><strong>et</strong></span> <span class='ocrx_word' id='word_1_238' title='bbox 759 2422 875 2463; x_wconf 88' lang='lat' dir='ltr'><strong>laicis</strong></span> <span class='ocrx_word' id='word_1_239' title='bbox 911 2436 961 2463; x_wconf 86' lang='lat' dir='ltr'><strong>ex</strong></span> <span class='ocrx_word' id='word_1_240' title='bbox 995 2423 1164 2463; x_wconf 84' lang='lat' dir='ltr'><strong>Croatia</strong></span> <span class='ocrx_word' id='word_1_241' title='bbox 1200 2426 1238 2461; x_wconf 91' lang='lat' dir='ltr'><strong>et</strong></span> <span class='ocrx_word' id='word_1_242' title='bbox 1271 2420 1479 2467; x_wconf 89' lang='lat' dir='ltr'><strong>Slavonia,</strong></span> <span class='ocrx_word' id='word_1_243' title='bbox 1504 2421 1615 2460; x_wconf 88' lang='lat' dir='ltr'><strong>[stria</strong></span> <span class='ocrx_word' id='word_1_244' title='bbox 1640 2422 1678 2458; x_wconf 87' lang='lat' dir='ltr'><strong>et</strong></span> <span class='ocrx_word' id='word_1_245' title='bbox 1702 2417 1924 2463; x_wconf 78' lang='lat' dir='ltr'><strong>Dalmatia,</strong></span> 
     </span>
     <span class='ocr_line' id='line_1_33' title="bbox 133 2490 1924 2545; baseline -0.004 -10"><span class='ocrx_word' id='word_1_246' title='bbox 133 2495 289 2535; x_wconf 84' lang='lat' dir='ltr'><strong>Bosnia</strong></span> <span class='ocrx_word' id='word_1_247' title='bbox 324 2499 363 2535; x_wconf 89' lang='lat' dir='ltr'><strong>et</strong></span> <span class='ocrx_word' id='word_1_248' title='bbox 396 2496 696 2545; x_wconf 78' lang='lat' dir='ltr'><strong>Hercegovina</strong></span> <span class='ocrx_word' id='word_1_249' title='bbox 740 2507 820 2534; x_wconf 89' lang='lat' dir='ltr'><strong>nec</strong></span> <span class='ocrx_word' id='word_1_250' title='bbox 862 2507 949 2534; x_wconf 90' lang='lat' dir='ltr'><strong>non</strong></span> <span class='ocrx_word' id='word_1_251' title='bbox 985 2507 1035 2534; x_wconf 86' lang='lat' dir='ltr'><strong>ex</strong></span> <span class='ocrx_word' id='word_1_252' title='bbox 1074 2495 1194 2534; x_wconf 90' lang='lat' dir='ltr'><strong>terris</strong></span> <span class='ocrx_word' id='word_1_253' title='bbox 1228 2491 1462 2533; x_wconf 88' lang='lat' dir='ltr'><strong>Slovenicis</strong></span> <span class='ocrx_word' id='word_1_254' title='bbox 1510 2490 1822 2541; x_wconf 82' lang='lat' dir='ltr'><strong>(praesentibus</strong></span> <span class='ocrx_word' id='word_1_255' title='bbox 1875 2502 1924 2528; x_wconf 75' lang='lat' dir='ltr'><strong>ex</strong></span> 
     </span>
     <span class='ocr_line' id='line_1_34' title="bbox 133 2562 1921 2617; baseline -0.004 -10"><span class='ocrx_word' id='word_1_256' title='bbox 133 2567 351 2616; x_wconf 87' lang='lat' dir='ltr'><strong>provincia</strong></span> <span class='ocrx_word' id='word_1_257' title='bbox 384 2567 661 2617; x_wconf 87' lang='lat' dir='ltr'><strong>Zagrabiensi</strong></span> <span class='ocrx_word' id='word_1_258' title='bbox 696 2567 892 2616; x_wconf 84' lang='lat' dir='ltr'><strong>Georgio</strong></span> <span class='ocrx_word' id='word_1_259' title='bbox 917 2564 1131 2606; x_wconf 76' lang='lat' dir='ltr'><strong>Posilovic&#39;</strong></span> <span class='ocrx_word' id='word_1_260' title='bbox 1164 2565 1439 2615; x_wconf 86' lang='lat' dir='ltr'><strong>Zagrabiensi</strong></span> <span class='ocrx_word' id='word_1_261' title='bbox 1476 2563 1821 2612; x_wconf 83' lang='lat' dir='ltr'><strong>archiepiscopo,</strong></span> <span class='ocrx_word' id='word_1_262' title='bbox 1856 2562 1921 2611; x_wconf 89' lang='lat' dir='ltr'><strong>Jo-</strong></span> 
     </span>
     <span class='ocr_line' id='line_1_35' title="bbox 132 2629 1922 2690; baseline -0.006 -11"><span class='ocrx_word' id='word_1_263' title='bbox 132 2639 240 2689; x_wconf 81' lang='lat' dir='ltr'><strong>seph</strong></span> <span class='ocrx_word' id='word_1_264' title='bbox 277 2638 474 2689; x_wconf 88' lang='lat' dir='ltr'><strong>Georgio</strong></span> <span class='ocrx_word' id='word_1_265' title='bbox 499 2638 788 2690; x_wconf 88' lang='lat' dir='ltr'><strong>Strossmayer</strong></span> <span class='ocrx_word' id='word_1_266' title='bbox 811 2638 1084 2684; x_wconf 87' lang='lat' dir='ltr'><strong>Diakovensi,</strong></span> <span class='ocrx_word' id='word_1_267' title='bbox 1108 2637 1294 2676; x_wconf 87' lang='lat' dir='ltr'><strong>Antonio</strong></span> <span class='ocrx_word' id='word_1_268' title='bbox 1315 2634 1534 2675; x_wconf 82' lang='lat' dir='ltr'><strong>Maurovic&#39;</strong></span> <span class='ocrx_word' id='word_1_269' title='bbox 1557 2632 1786 2683; x_wconf 87' lang='lat' dir='ltr'><strong>Segnensi;</strong></span> <span class='ocrx_word' id='word_1_270' title='bbox 1812 2629 1922 2682; x_wconf 87' lang='lat' dir='ltr'><strong>Julio</strong></span> 
     </span>
     <span class='ocr_line' id='line_1_36' title="bbox 135 2702 1922 2762; baseline -0.005 -13"><span class='ocrx_word' id='word_1_271' title='bbox 135 2709 453 2762; x_wconf 88' lang='lat' dir='ltr'><strong>Drohobeczky</strong></span> <span class='ocrx_word' id='word_1_272' title='bbox 478 2711 771 2752; x_wconf 66' lang='lat' dir='ltr'><strong>Kriievacensi</strong></span> <span class='ocrx_word' id='word_1_273' title='bbox 797 2710 1038 2760; x_wconf 82' lang='lat' dir='ltr'><strong>episcopis3</strong></span> <span class='ocrx_word' id='word_1_274' title='bbox 1074 2721 1124 2747; x_wconf 82' lang='lat' dir='ltr'><strong>ex</strong></span> <span class='ocrx_word' id='word_1_275' title='bbox 1159 2708 1375 2758; x_wconf 86' lang='lat' dir='ltr'><strong>provincia</strong></span> <span class='ocrx_word' id='word_1_276' title='bbox 1402 2705 1697 2745; x_wconf 89' lang='lat' dir='ltr'><strong>Vrhbosnensi</strong></span> <span class='ocrx_word' id='word_1_277' title='bbox 1731 2702 1922 2753; x_wconf 78' lang='lat' dir='ltr'><strong>josepho</strong></span> 
     </span>
     <span class='ocr_line' id='line_1_37' title="bbox 132 2773 1925 2832; baseline -0.006 -11"><span class='ocrx_word' id='word_1_278' title='bbox 132 2780 298 2821; x_wconf 88' lang='lat' dir='ltr'><strong>Stadler</strong></span> <span class='ocrx_word' id='word_1_279' title='bbox 331 2782 629 2821; x_wconf 90' lang='lat' dir='ltr'><strong>Vrhbosnensi</strong></span> <span class='ocrx_word' id='word_1_280' title='bbox 676 2782 1030 2832; x_wconf 81' lang='lat' dir='ltr'><strong>archiepiscop03</strong></span> <span class='ocrx_word' id='word_1_281' title='bbox 1083 2792 1132 2819; x_wconf 85' lang='lat' dir='ltr'><strong>ex</strong></span> <span class='ocrx_word' id='word_1_282' title='bbox 1175 2779 1392 2829; x_wconf 86' lang='lat' dir='ltr'><strong>provincia</strong></span> <span class='ocrx_word' id='word_1_283' title='bbox 1428 2776 1659 2816; x_wconf 81' lang='lat' dir='ltr'><strong>Goritiensi</strong></span> <span class='ocrx_word' id='word_1_284' title='bbox 1707 2773 1925 2823; x_wconf 88' lang='lat' dir='ltr'><strong>episcopis</strong></span> 
     </span>
     <span class='ocr_line' id='line_1_38' title="bbox 133 2843 1923 2903; baseline -0.007 -11"><span class='ocrx_word' id='word_1_285' title='bbox 133 2852 320 2892; x_wconf 90' lang='lat' dir='ltr'><strong>Antonio</strong></span> <span class='ocrx_word' id='word_1_286' title='bbox 368 2852 539 2892; x_wconf 88' lang='lat' dir='ltr'><strong>Mahnic&#39;</strong></span> <span class='ocrx_word' id='word_1_287' title='bbox 571 2851 776 2903; x_wconf 85' lang='lat' dir='ltr'><strong>Veglensi</strong></span> <span class='ocrx_word' id='word_1_288' title='bbox 824 2857 863 2892; x_wconf 88' lang='lat' dir='ltr'><strong>et</strong></span> <span class='ocrx_word' id='word_1_289' title='bbox 903 2853 1088 2891; x_wconf 85' lang='lat' dir='ltr'><strong>Antonio</strong></span> <span class='ocrx_word' id='word_1_290' title='bbox 1135 2849 1269 2901; x_wconf 84' lang='lat' dir='ltr'><strong>Jeglic&#39;</strong></span> <span class='ocrx_word' id='word_1_291' title='bbox 1314 2848 1562 2893; x_wconf 84' lang='lat' dir='ltr'><strong>Labacensi;</strong></span> <span class='ocrx_word' id='word_1_292' title='bbox 1611 2858 1661 2885; x_wconf 81' lang='lat' dir='ltr'><strong>ex</strong></span> <span class='ocrx_word' id='word_1_293' title='bbox 1708 2843 1923 2893; x_wconf 85' lang='lat' dir='ltr'><strong>provincia</strong></span> 
     </span>
     <span class='ocr_line' id='line_1_39' title="bbox 131 2912 1923 2975; baseline -0.007 -11"><span class='ocrx_word' id='word_1_294' title='bbox 131 2924 324 2975; x_wconf 88' lang='lat' dir='ltr'><strong>Jadrensi</strong></span> <span class='ocrx_word' id='word_1_295' title='bbox 359 2925 584 2964; x_wconf 72' lang='lat' dir='ltr'><strong>francisco</strong></span> <span class='ocrx_word' id='word_1_296' title='bbox 620 2923 818 2975; x_wconf 78' lang='lat' dir='ltr'><strong>Philippo</strong></span> <span class='ocrx_word' id='word_1_297' title='bbox 855 2923 986 2963; x_wconf 84' lang='lat' dir='ltr'><strong>Nakic&#39;</strong></span> <span class='ocrx_word' id='word_1_298' title='bbox 1021 2920 1253 2972; x_wconf 85' lang='lat' dir='ltr'><strong>Spalatensi</strong></span> <span class='ocrx_word' id='word_1_299' title='bbox 1296 2924 1334 2959; x_wconf 89' lang='lat' dir='ltr'><strong>et</strong></span> <span class='ocrx_word' id='word_1_300' title='bbox 1376 2918 1567 2968; x_wconf 82' lang='lat' dir='ltr'><strong>Josepho</strong></span> <span class='ocrx_word' id='word_1_301' title='bbox 1615 2912 1814 2954; x_wconf 74' lang='lat' dir='ltr'><strong>Marcelic&#39;</strong></span> <span class='ocrx_word' id='word_1_302' title='bbox 1850 2914 1923 2954; x_wconf 72' lang='lat' dir='ltr'><strong>Ra-</strong></span> 
     </span>
     <span class='ocr_line' id='line_1_40' title="bbox 134 2984 1922 3046; baseline -0.008 -10"><span class='ocrx_word' id='word_1_303' title='bbox 134 2996 291 3045; x_wconf 86' lang='lat' dir='ltr'><strong>gusino</strong></span> <span class='ocrx_word' id='word_1_304' title='bbox 327 2997 567 3045; x_wconf 90' lang='lat' dir='ltr'><strong>episcopis,</strong></span> <span class='ocrx_word' id='word_1_305' title='bbox 609 2994 787 3046; x_wconf 85' lang='lat' dir='ltr'><strong>aliisque</strong></span> <span class='ocrx_word' id='word_1_306' title='bbox 829 2993 1024 3045; x_wconf 89' lang='lat' dir='ltr'><strong>praelatis</strong></span> <span class='ocrx_word' id='word_1_307' title='bbox 1059 3005 1106 3032; x_wconf 90' lang='lat' dir='ltr'><strong>ac</strong></span> <span class='ocrx_word' id='word_1_308' title='bbox 1140 2991 1393 3042; x_wconf 89' lang='lat' dir='ltr'><strong>praepositis</strong></span> <span class='ocrx_word' id='word_1_309' title='bbox 1437 2988 1750 3038; x_wconf 89' lang='lat' dir='ltr'><strong>provinciarum</strong></span> <span class='ocrx_word' id='word_1_310' title='bbox 1787 2984 1922 3031; x_wconf 79' lang='lat' dir='ltr'><strong>Regu-</strong></span> 
     </span>
     <span class='ocr_line' id='line_1_41' title="bbox 134 3054 1922 3114; baseline -0.008 -9"><span class='ocrx_word' id='word_1_311' title='bbox 134 3064 302 3114; x_wconf 88' lang='lat' dir='ltr'><strong>larium)</strong></span> <span class='ocrx_word' id='word_1_312' title='bbox 348 3067 529 3113; x_wconf 91' lang='lat' dir='ltr'><strong>habitus,</strong></span> <span class='ocrx_word' id='word_1_313' title='bbox 577 3067 768 3106; x_wconf 90' lang='lat' dir='ltr'><strong>secunda</strong></span> <span class='ocrx_word' id='word_1_314' title='bbox 814 3063 1090 3108; x_wconf 80' lang='lat' dir='ltr'><strong>Resolutione</strong></span> <span class='ocrx_word' id='word_1_315' title='bbox 1134 3062 1173 3102; x_wconf 90' lang='lat' dir='ltr'><strong>S.</strong></span> <span class='ocrx_word' id='word_1_316' title='bbox 1200 3062 1313 3109; x_wconf 85' lang='lat' dir='ltr'><strong>Sedi,</strong></span> <span class='ocrx_word' id='word_1_317' title='bbox 1362 3060 1414 3099; x_wconf 90' lang='lat' dir='ltr'><strong>de</strong></span> <span class='ocrx_word' id='word_1_318' title='bbox 1463 3056 1675 3109; x_wconf 83' lang='lat' dir='ltr'><strong>encyclica</strong></span> <span class='ocrx_word' id='word_1_319' title='bbox 1724 3054 1922 3104; x_wconf 74' lang='lat' dir='ltr'><strong>„Grande</strong></span> 
     </span>
     <span class='ocr_line' id='line_1_42' title="bbox 141 3124 1922 3186; baseline -0.009 -9"><span class='ocrx_word' id='word_1_320' title='bbox 141 3138 318 3177; x_wconf 82' lang='lat' dir='ltr'><strong>Manus“</strong></span> <span class='ocrx_word' id='word_1_321' title='bbox 358 3137 448 3177; x_wconf 78' lang='lat' dir='ltr'><strong>(cfr.</strong></span> <span class='ocrx_word' id='word_1_322' title='bbox 480 3138 531 3177; x_wconf 86' lang='lat' dir='ltr'><strong>N.</strong></span> <span class='ocrx_word' id='word_1_323' title='bbox 564 3140 637 3186; x_wconf 84' lang='lat'><strong>84)</strong></span> <span class='ocrx_word' id='word_1_324' title='bbox 674 3141 712 3177; x_wconf 90' lang='lat' dir='ltr'><strong>et</strong></span> <span class='ocrx_word' id='word_1_325' title='bbox 747 3137 1042 3176; x_wconf 86' lang='lat' dir='ltr'><strong>Declaratione</strong></span> <span class='ocrx_word' id='word_1_326' title='bbox 1078 3133 1117 3173; x_wconf 93' lang='lat' dir='ltr'><strong>S.</strong></span> <span class='ocrx_word' id='word_1_327' title='bbox 1149 3134 1313 3173; x_wconf 81' lang='lat' dir='ltr'><strong>Rituum</strong></span> <span class='ocrx_word' id='word_1_328' title='bbox 1351 3127 1711 3178; x_wconf 83' lang='lat' dir='ltr'><strong>Congregationis</strong></span> <span class='ocrx_word' id='word_1_329' title='bbox 1758 3127 1805 3163; x_wconf 80' lang='lat'><strong>14</strong></span> <span class='ocrx_word' id='word_1_330' title='bbox 1840 3124 1922 3162; x_wconf 87' lang='lat' dir='ltr'><strong>Au-</strong></span> 
     </span>
     <span class='ocr_line' id='line_1_43' title="bbox 134 3193 1923 3258; baseline -0.009 -10"><span class='ocrx_word' id='word_1_331' title='bbox 134 3209 245 3258; x_wconf 83' lang='lat' dir='ltr'><strong>gusti</strong></span> <span class='ocrx_word' id='word_1_332' title='bbox 287 3209 395 3248; x_wconf 93' lang='grc'>1900</span> <span class='ocrx_word' id='word_1_333' title='bbox 431 3209 521 3257; x_wconf 79' lang='lat' dir='ltr'><strong>(etr.</strong></span> <span class='ocrx_word' id='word_1_334' title='bbox 548 3210 599 3248; x_wconf 87' lang='lat' dir='ltr'><strong>N.</strong></span> <span class='ocrx_word' id='word_1_335' title='bbox 632 3209 710 3249; x_wconf 93' lang='lat'><strong>109</strong></span> <span class='ocrx_word' id='word_1_336' title='bbox 736 3208 803 3256; x_wconf 89' lang='lat' dir='ltr'><strong>A),</strong></span> <span class='ocrx_word' id='word_1_337' title='bbox 830 3208 982 3257; x_wconf 87' lang='lat' dir='ltr'><strong>gratias</strong></span> <span class='ocrx_word' id='word_1_338' title='bbox 1016 3217 1162 3255; x_wconf 87' lang='lat' dir='ltr'><strong>agens,</strong></span> <span class='ocrx_word' id='word_1_339' title='bbox 1198 3215 1250 3243; x_wconf 91' lang='lat' dir='ltr'><strong>eo</strong></span> <span class='ocrx_word' id='word_1_340' title='bbox 1287 3201 1405 3252; x_wconf 85' lang='lat' dir='ltr'><strong>quod</strong></span> <span class='ocrx_word' id='word_1_341' title='bbox 1440 3211 1542 3238; x_wconf 89' lang='lat' dir='ltr'><strong>usus</strong></span> <span class='ocrx_word' id='word_1_342' title='bbox 1578 3195 1781 3247; x_wconf 87' lang='lat' dir='ltr'><strong>privilegii</strong></span> <span class='ocrx_word' id='word_1_343' title='bbox 1812 3193 1923 3233; x_wconf 88' lang='lat' dir='ltr'><strong>litur-</strong></span> 
     </span>
    </p>
   </div>
  </div>
 </body>
</html>
