2243 3444
405 333 450 367 64
1021 331 1196 365 Fontes
1223 330 1472 371 Liturgiae

359 476 540 514 animum
591 475 756 521 addam,
807 486 902 513 cum
951 473 1121 513 abunde
1165 474 1293 512 sciam
1340 476 1602 522 quantopere
1649 473 1833 522 idipsum
1883 474 2035 523 cupiat,
2082 476 2121 512 et

361 539 512 584 quanta
547 534 587 572 id
622 534 834 583 diligentia
869 536 1162 582 prosequatur.
1207 532 1390 570 idoneos
1425 533 1549 579 viros,
1593 532 1749 581 quibus
1791 532 2008 581 provincia
2043 532 2120 571 hac

363 593 650 637 demandetur,
686 593 716 630 si
752 592 941 630 nondum
978 591 1116 640 elegit,
1152 591 1265 629 brevi
1300 591 1547 629 selecturam
1583 602 1660 639 pro
1696 591 1928 630 certissimo
1963 590 2118 637 habeo,

360 652 587 691 editionem
634 651 863 690 Missalium
906 650 1069 688 mendis
1114 650 1314 688 omnibus
1348 653 1634 700 expurgatam,
1669 650 1909 699 expolitam,
1943 649 2120 699 castiga-

359 712 569 756 tissimam,
619 722 726 759 quae
761 710 809 747 sit
842 709 1119 747 Excellentiae
1155 709 1253 748 V.ae
1289 709 1449 758 pietatis
1497 711 1535 746 et
1568 709 1764 747 scientiae
1799 711 2119 748 monumentum

359 782 443 808 non
478 770 607 807 multo
644 773 738 817 post
771 779 920 806 omnes
954 768 1167 816 aspicient.

502 840 616 878 Haec
660 839 853 877 solertiae
898 838 1176 877 Excellentiae
1211 838 1310 876 Vae
1345 838 1613 877 debebimus.
1659 838 1814 876 Interea
1848 838 1959 876 cultu
1994 849 2120 887 pecu-

361 900 444 938 liari
480 904 516 937 et
551 899 663 936 omni
699 898 999 936 existimatione
1034 909 1082 936 ac
1116 897 1410 936 benevolentia
1444 898 1576 936 laetor
1609 908 1870 947 permanere.

980 1017 1186 1056 Excellae
1221 1017 1321 1057 V.ae
1356 1018 1497 1059 Rmae

570 1135 754 1173 Viennae
789 1134 855 1172 die
890 1135 943 1173 23
977 1134 1154 1184 januarii
1195 1134 1313 1174 1868.

1256 1253 1321 1292 Uti
1356 1253 1493 1292 Frater
1525 1253 1838 1292 addictissimus

1097 1359 1151 1396 M.
1186 1358 1420 1408 Archiepis.
1456 1359 1603 1399 Athen.
1639 1359 1819 1398 Nuntius
1853 1339 1999 1409 Apost.

499 1514 551 1548 Ex
579 1515 797 1557 apographo
825 1525 845 1548 a
873 1514 1009 1549 Carola
1029 1514 1154 1549 Parcic'
1182 1515 1366 1557 coniecto,
1394 1516 1495 1560 quod
1515 1516 1615 1559 apud
1634 1515 1662 1559 J.
1683 1516 1831 1550 Prodan
1849 1515 1980 1558 Jadrae
1999 1525 2120 1550 asser-

358 1564 477 1594 vatur.
505 1562 557 1594 Ex
585 1561 740 1604 epistola
757 1562 1040 1605 Archiepiscopi
1065 1562 1254 1605 Jadrensis
1273 1563 1369 1597 Petri
1387 1563 1563 1597 Domenii
1582 1563 1742 1607 Maupas
1761 1563 1782 1598 9
1799 1562 1895 1605 Junii
1915 1563 2005 1597 1878
2024 1562 2120 1603 data,

358 1608 576 1642 sacerdotes
602 1608 764 1651 Joannes
792 1609 918 1643 Bercic'
946 1611 981 1643 et
1009 1609 1168 1644 Carolus
1195 1610 1320 1644 Parcic'
1348 1611 1531 1645 revisores
1560 1610 1741 1652 designati
1767 1611 1864 1644 sunt.

987 1811 1056 1852 72.
1095 1811 1230 1862 1870,
1271 1810 1500 1853 Otzeznen.

498 1917 749 1957 Breviarium
796 1917 982 1956 Latinum
1029 1930 1106 1967 pro
1156 1918 1344 1958 dioecesi
1391 1918 1603 1958 Geznensi
1649 1917 1850 1958 Officium
1898 1918 2118 1967 Proprium

358 1985 426 2024 SS.
464 1987 603 2037 Cyrilli
640 1992 678 2026 et
710 1988 929 2035 Methodii‚
964 2000 1045 2027 una
1088 2000 1183 2027 cum
1220 1989 1472 2028 lectionibus
1518 1990 1597 2028 iam
1632 2001 1742 2028 anno
1783 1990 1884 2028 1511
1923 1988 2118 2038 receptis,

357 2059 551 2096 confinet

2227 2114 2229 2142 l

497 2172 520 2206 I.
541 2172 655 2214 ssrcic',
675 2173 770 2207 Dvie
791 2173 918 2208 sluibe
937 2173 1125 2216 rimskoga
1147 2173 1288 2209 obreda
1307 2185 1359 2209 sv.
1381 2174 1492 2209 Cirila
1510 2176 1519 2209 i
1539 2175 1705 2217 Metuda,
1725 2174 1928 2217 Zagrabiae
1946 2174 2046 2216 1870,
2064 2175 2116 2209 19.

2228 2073 2231 2091 l

2228 2098 2229 2111 l

2226 2270 2227 2279 l

2223 2458 2225 2502 l

497 2470 660 2508 Festum
696 2468 766 2508 SS.
803 2469 945 2521 Cyrilli
981 2474 1018 2509 et
1053 2471 1258 2510 Methodii
1305 2472 1474 2510 colitur:
1525 2472 1592 2511 die
1626 2473 1650 2511 9
1685 2473 1817 2511 Martii
1853 2473 1892 2511 in
1927 2472 2115 2512 dioecesi
2223 2508 2225 2526 ‚

357 2537 604 2587 Spalatensi3
641 2541 902 2590 caeterisque
938 2553 1013 2591 per
1044 2542 1213 2589 Istriam‚
1250 2541 1459 2581 Croatiam
1495 2547 1532 2581 et
1567 2543 1836 2589 DalmatIam;
1872 2544 1911 2582 in
1945 2543 2116 2582 dioece-
2223 2552 2225 2557 ·

358 2609 474 2647 sibus
497 2610 737 2658 Bohemiae‚
761 2612 972 2651 Moraviae
996 2615 1034 2651 et
1055 2611 1244 2659 Galitiae,
1270 2613 1309 2651 in
1334 2614 1550 2652 nonnullis
1570 2613 1843 2653 dioecesibus
1859 2614 2114 2663 Hungariae,
2190 2603 2223 2669 ᾖ

359 2679 395 2716 in
431 2679 618 2718 dioecesi
653 2681 979 2721 vindobonensi
1014 2686 1053 2722 et
1073 2684 1286 2729 Trentina;
1323 2684 1390 2722 die
1415 2686 1456 2722 11
1489 2685 1605 2722 Marti
1628 2685 1666 2722 in
1702 2684 1890 2723 dioecesi
1914 2684 2114 2735 Veglensi
2187 2710 2190 2716 -

359 2752 395 2787 et
429 2747 711 2814 8ibe11ice11si3
748 2752 814 2790 die
845 2754 892 2790 14
914 2754 1044 2792 Martii
1080 2755 1118 2792 in
1144 2754 1332 2793 dioecesi
1370 2754 1628 2794 Catharensi.
1665 2754 1866 2794 Officium
1892 2755 2112 2804 Proprium
2185 2759 2203 2836 ἒ

359 2807 541 2846 Latinum
587 2808 655 2849 SS.
692 2810 833 2861 Cyrilli
869 2814 906 2850 et
939 2813 1144 2851 Methodii
1179 2814 1219 2851 in
1254 2813 1462 2852 Breviario
1497 2813 1637 2852 Latino
1682 2813 1910 2853 earundem
1945 2813 2114 2853 dioece-
2184 2838 2203 2897 3

357 2877 463 2915 sium
513 2878 718 2929 „Cyrillus
762 2881 867 2920 vitae
913 2883 1123 2922 sanctitate
1175 2895 1403 2932 rerumque
1450 2886 1660 2933 gestarum
1707 2884 1867 2933 gloria“
1918 2884 2020 2934 ipsis
2054 2887 2118 2930 est

358 2949 663 2995 promiscuum3
700 2950 962 2991 Sibenicensi
996 2965 1044 2992 ac
1077 2954 1277 3003 Veglensi
1313 2957 1485 3004 excepta
1519 2954 1621 3001 (Cir.
1658 2955 1708 2993 N.
1743 2956 1830 3003 63).

2221 2582 2224 2592 ι

813 2352 882 2393 73.
921 2352 1057 2403 1870,
1091 2353 1136 2393 ἰη
1170 2351 1408 2394 Dalmatia
1443 2355 1486 2393 et
1515 2352 1660 2395 Istria.
1922 2351 1924 2353 ’
2194 2284 2228 2442 ἰ

2186 2420 2214 2478 ’τι

2192 2481 2209 2560 ἓ

2191 2563 2207 2604 ,ι

2192 2669 2206 2759 i

2220 2706 2224 2723 4

2219 2770 2222 2829 Ρ

2182 2910 2219 2980 Ξῖ

495 3051 518 3085 I.
547 3052 660 3091 ssrcic'.
699 3054 793 3088 Dvie
829 3055 955 3090 sluibe
983 3055 1170 3098 rimskoga
1197 3055 1338 3090 obreda
1365 3067 1406 3090 za
1432 3056 1654 3091 svetkovinu
1682 3067 1736 3092 sv.
1767 3056 1878 3092 Cirila
1907 3058 1917 3092 i
1946 3057 2112 3099 Metuda,
2176 2982 2219 3157 gl

356 3097 556 3139 Zagrabiae
586 3100 684 3141 1870,
715 3102 767 3142 12,
798 3102 849 3136 15.
2175 3145 2184 3162 ,
2215 3126 2217 3135 ¹

2174 3162 2197 3244 ἓ

2214 3148 2217 3156 r

2214 3197 2216 3207 l

2186 3213 2194 3218 .
2213 3209 2216 3218 u

2162 3248 2214 3444 l
