2243 3444
312 285 406 319 VIII
883 286 931 320 II.
959 287 1056 320 Acta
1081 286 1221 321 Curiae
1246 286 1455 322 Romanae.

404 427 448 471 S.
484 427 776 480 Congregatio
812 426 995 469 Concilii
1038 426 1249 468 relatione
1282 427 1478 481 episcopi
1518 427 1875 483 Justinopolitani
1916 431 2075 473 certior

264 484 326 534 fit,
359 485 479 539 quod
509 485 552 526 in
585 485 775 527 dioecesi
807 485 964 538 Lginna
996 484 1040 526 in
1071 497 1154 525 usu
1185 486 1261 535 est,
1287 486 1329 526 et
1356 485 1530 528 difficile
1558 486 1613 527 sit
1635 487 1862 541 glagolitas
1884 488 2070 532 idoneos

266 543 535 593 adinvenire,
569 543 627 584 ib.
660 543 755 585 2021.

924 611 1242 655 Innocentius
1274 610 1373 656 Xll.

404 704 447 746 S.
482 705 777 760 Congregatio
803 704 986 747 Concilii
1008 704 1220 746 relatione
1243 704 1439 759 episcopi
1462 706 1818 760 Justinopolitani
1841 707 2076 762 quinquies

265 763 422 804 certior
440 762 498 812 fit,
533 763 652 816 quod
684 763 727 804 in
761 763 964 804 omnibus
995 763 1217 816 parochiis
1249 765 1433 817 excepta
1463 764 1739 818 Justinopoli,
1773 765 2000 820 Pyrrhano
2033 768 2077 808 et

265 819 396 862 Curia
418 820 673 870 Insularum,
698 821 852 873 Lgr.na
883 834 1008 862 sacra
1030 821 1317 872 celebrantur,
1351 823 1393 862 et
1424 822 1545 874 quod
1567 835 1647 875 pro
1681 822 1794 864 clero
1823 823 2072 876 glagolitico

265 892 370 978 {gaf
389 878 1020 978 &Polio{cgegsezsffiSeminarium
1071 878 1284 932 Illyricum
1337 879 1591 933 erigendum
1644 882 1779 931 curat,
1802 880 1933 933 XVII,
1976 881 2073 932 2028,

269 965 292 978 ..
356 966 779 1081 '‘sstfogssregat‘io
813 994 868 1035 de
898 994 1031 1048 Prop.
1064 994 1172 1035 Fide
1203 994 1525 1037 Abecedarium
1560 996 1857 1049 glagoliticum
1877 983 2077 1039 Psaltiric

268 1052 785 1162 VUlgaJSIbCIOnLOgrzegatio
830 1109 1014 1151 Concilii
1056 1109 1269 1152 relatione
1312 1111 1507 1165 episcopi
1546 1111 1790 1164 Tergestini
1831 1111 1990 1154 certior
2029 1111 2082 1153 fit

271 1168 324 1208 de
357 1167 644 1208 concionibus
676 1168 837 1209 slavica
868 1168 1017 1221 lingua
1039 1168 1083 1208 in
1117 1168 1289 1210 civitate
1312 1182 1337 1210 a
1357 1169 1652 1222 Regularibus
1673 1170 1875 1222 peractis,
1898 1169 1956 1211 ib.
1980 1169 2077 1211 239.

407 1225 534 1266 Jussu
569 1224 611 1266 S.
646 1225 1007 1278 Congregationis
1040 1226 1094 1267 de
1126 1226 1258 1279 Prop.
1301 1226 1408 1268 Fide
1449 1227 1639 1269 Joannes
1681 1227 1850 1269 Pastric'
1898 1227 2080 1280 Collegii

270 1283 323 1323 de
354 1282 485 1335 Prop.
528 1283 634 1323 Fide
675 1283 947 1336 Theologiae
988 1284 1125 1325 lector
1172 1287 1214 1325 et
1260 1284 1473 1326 librorum
1521 1284 1868 1338 glagoliticorum
1911 1285 2078 1326 revisor

271 1340 534 1440 catagogumb
565 1341 848 1440 egglesiarum
891 1341 1236 1395 glagoliticarum
1283 1342 1448 1393 Istriae,
1498 1342 1702 1385 Croatiae
1749 1346 1791 1385 et
1831 1343 2077 1386 Dalmatiae

272 1411 353 1440 con
390 1398 457 1450 cit,
491 1399 503 1439 i
541 1432 549 1440 .
585 1432 608 1440 ..
643 1407 681 1440 4.

1006 1468 1236 1513 Clemens
1259 1468 1345 1538 XI.
1369 1446 1374 1450 ”

408 1559 609 1602 Pontifex
639 1561 852 1603 relatione
884 1563 1079 1616 episcopi
1114 1562 1348 1616 Segnensis
1386 1565 1428 1604 et
1468 1563 1792 1605 Modruscensis
1825 1562 1985 1605 certior
2015 1562 2077 1613 fit,

276 1618 397 1672 quod
429 1621 547 1660 totus
580 1619 718 1660 clerus
751 1620 1004 1662 dioeceseos
1036 1621 1241 1674 glagolita
1283 1623 1360 1670 est,
1402 1621 1524 1662 libris
1565 1634 1669 1663 vero
1713 1621 1970 1670 destitutus3
2013 1621 2083 1662 cui

272 1676 520 1718 necessitati
554 1678 845 1731 typographia
878 1678 932 1719 de
962 1679 1095 1733 Prop.
1137 1679 1244 1720 Fide
1285 1679 1518 1732 provideat
1559 1679 1771 1721 adhibitis
1811 1678 2080 1721 revisoribus

276 1748 327 1776 ex
357 1735 428 1775 illa
460 1735 664 1784 dioecesi,
697 1735 844 1785 XVIII,
878 1737 916 1778 2.

415 1792 458 1834 S.
508 1792 800 1845 Congregatio
850 1793 1034 1835 Concilii
1081 1794 1293 1836 relatione
1340 1794 1535 1848 episcopi
1582 1794 1781 1836 Polensis
1822 1794 1982 1836 certior
2020 1794 2081 1844 fit,

276 1851 396 1903 quod
428 1850 471 1891 in
503 1851 724 1903 aliquibus
755 1851 863 1893 villis
896 1852 1091 1894 eiusdem
1124 1852 1378 1894 dioeceseos
1410 1852 1566 1905 Lgr.na
1597 1852 1640 1893 in
1672 1865 1755 1894 usu
1788 1855 1864 1902 est,
1897 1852 1955 1893 ib.
1988 1853 2027 1894 3.

417 1908 583 1950 Eadem
617 1908 660 1949 S.
704 1908 997 1963 Congregatio
1040 1911 1251 1952 relatione
1293 1910 1488 1964 episcopi
1531 1909 1887 1964 Justinopolitani
1929 1911 2085 1963 quater

277 1965 435 2006 certior
465 1966 527 2013 fit.
560 1967 680 2019 quod
727 1967 883 2019 Lgr.na
924 1968 968 2009 in
1014 1968 1236 2020 parochiis
1277 1968 1496 2010 ruralibus
1535 1968 1802 2018 dioeceseos,
1843 1967 1992 2021 prouti
2038 1967 2083 2008 in

279 2024 482 2064 omnibus
513 2022 666 2065 Istriae
699 2025 989 2074 dioecesibus,
1022 2039 1145 2067 sacra
1179 2026 1466 2075 celebrantur,
1501 2028 1542 2067 et
1576 2026 1697 2079 quod
1730 2026 1804 2067 diu
1827 2027 2085 2079 exoptatum

279 2081 569 2122 Seminarium
602 2082 816 2136 Illyricum
844 2084 936 2136 jam
968 2084 1199 2125 fundatum
1231 2087 1307 2133 est,
1341 2084 1399 2124 ib.
1431 2083 1470 2133 4,
1504 2084 1543 2133 7,
1579 2083 1742 2132 153cfr.
1778 2084 1843 2132 16,
1878 2083 1944 2125 19.

417 2138 579 2180 Eadem
613 2139 656 2180 S.
692 2140 981 2193 Congregatio
1014 2141 1227 2183 relatione
1260 2141 1455 2194 episcopi
1485 2141 1711 2182 Parentini
1743 2141 1810 2182 bis
1842 2140 2000 2182 certior
2021 2139 2083 2191 fit,
2163 2161 2165 2164 .

281 2196 401 2294 quolc}
433 2196 476 2237 in
506 2197 710 2239 universa
743 2198 931 2240 dioecesi
964 2199 1125 2252 partim
1156 2199 1312 2241 Latino
1334 2199 1496 2251 partim
1517 2198 1684 2254 Illyrico
1709 2211 1912 2240 sermone
1935 2197 2084 2240 divina

280 2254 368 2295 cele
403 2256 567 2303 rantur,
601 2254 657 2295 ib.
692 2256 730 2304 6,
762 2257 801 2297 9.

420 2310 462 2352 S.
508 2311 801 2364 Congregatio
846 2314 899 2354 de
946 2313 1076 2367 Prop.
1125 2314 1231 2355 Fide
1279 2314 1367 2355 duo
1414 2313 1603 2356 Missalia
1636 2313 2083 2367 Glagolito-Romana

278 2368 548 2411 Pastriciana
580 2370 740 2422 vulgat,
775 2371 832 2411 ib.
868 2372 932 2419 10,
970 2372 1034 2412 12.

418 2427 619 2468 Pontifex
651 2428 706 2468 ab
740 2428 1070 2481 archiepiscopo
1094 2429 1377 2471 Antibarensi
1398 2429 1626 2471 Vincentio
1651 2429 1871 2483 ZmaJ'evic
1893 2430 2085 2481 rogatur,

284 2486 332 2525 ut
362 2484 507 2537 patrui
539 2485 605 2526 sui
637 2486 677 2525 et
709 2486 1060 2538 praedecessoris
1100 2487 1305 2528 Andreae
1347 2487 1565 2542 Zmajevic'
1608 2500 1720 2540 opus
1761 2486 2085 2540 apologeticum

288 2542 505 2593 „Annales
535 2541 934 2595 Illyrico-Latinos“
970 2544 1134 2597 publici
1161 2544 1271 2597 Juris
1301 2544 1430 2586 faciat
1461 2545 1518 2586 ib.
1555 2545 1618 2585 18.

423 2599 466 2641 S.
500 2599 792 2653 Congregatio
826 2600 1006 2642 Concilii
1039 2602 1094 2643 ab
1123 2602 1456 2655 archiepiscopo
1490 2602 1736 2655 Spalatensi
1769 2600 1927 2643 certior
1956 2599 2005 2641 fit
2031 2599 2085 2641 de

285 2657 412 2699 Clero
450 2658 695 2710 glagolitico
739 2659 1005 2708 dioeceseos,
1048 2661 1089 2700 et
1135 2660 1257 2713 quod
1305 2659 1565 2712 encyclicam
1610 2658 1889 2701 Pontificiam
1940 2658 2088 2711 lingua

285 2715 451 2768 Illyrica
482 2716 751 2765 translatam,
785 2717 1021 2769 quotannis
1054 2717 1098 2758 in
1139 2717 1318 2770 Synodo
1362 2717 1625 2759 dioecesana
1665 2716 1828 2770 perlegi
1862 2716 2002 2771 jubet,
2025 2716 2083 2756 ib.
2117 2731 2123 2739 ·
2151 2756 2154 2757 γ

286 2773 340 2814 922
374 2774 417 2813 et
446 2787 488 2826 p.
523 2773 590 2814 74.

423 2830 625 2872 Pontifici
659 2832 993 2873 commendatur
1023 2831 1257 2884 resignatio
1292 2832 1487 2885 episcopi
1519 2831 1815 2874 Sibenicensis
1849 2829 1883 2872 I.
1914 2830 1965 2872 D.
1999 2829 2085 2872 Ca-

285 2888 419 2940 ligari,
453 2889 630 2942 eoquod
661 2902 796 2942 quum
829 2889 898 2930 ille
930 2890 1106 2942 ignarus
1141 2889 1314 2942 linguae
1345 2890 1532 2931 slavicae
1563 2890 1940 2931 seinfructuosum
1981 2900 2086 2929 suae

288 2945 494 2987 ecclesiae
525 2947 666 2997 sciret,
709 2959 810 2988 nam
845 2946 1235 2989 Schismaticorum
1263 2960 1471 2988 numerus
1499 2947 1734 2989 immodice
1764 2947 1853 2988 iam
1885 2945 2087 2994 excrevit,

288 3004 442 3044 cedere
475 3004 616 3056 cupit,
650 3006 691 3045 et
722 3017 899 3046 necesse
930 3008 994 3046 est
1026 3005 1083 3046 illi
1115 3004 1324 3046 ecclesiae
1364 3006 1588 3058 pastorem
1626 3004 1895 3047 nationalem
1926 3002 2085 3056 praefi-

291 3074 398 3110 cere,
432 3061 489 3102 ib.
523 3061 590 3102 26.

427 3118 470 3159 S.
505 3119 797 3171 Congregatio
832 3119 1016 3161 Concilii
1047 3120 1258 3161 relatione
1291 3119 1483 3172 episcopi
1516 3119 1727 3161 Arbensis
1758 3118 1916 3168 certior
1946 3117 2007 3176 fit,
2030 3117 2086 3161 de

289 3188 370 3216 usu
400 3176 582 3230 Lgr.nae
615 3177 657 3217 in
688 3177 910 3233 parochiis
941 3177 1126 3220 foraneis
1159 3177 1424 3228 dioeceseos,
1457 3177 1514 3218 ib.
1548 3177 1615 3220 30.
