2243 3444
393 315 437 348 54
997 313 1176 347 Fontes
1228 311 1485 356 Liturgiae

490 452 774 501 „Sacerdotes
808 452 1025 502 quotquot
1058 448 1121 503 [in
1155 448 1343 489 dioecesi
1365 447 1577 502 Nonensi]
1602 450 1702 488 sunt
1733 448 1886 489 Illirico
1919 448 2131 490 Idi'omate

352 512 394 550 et
427 510 643 550 celebrare
676 512 716 548 et
746 508 928 560 psallere
960 506 1134 552 assueti,
1174 505 1369 558 plerique
1411 507 1556 545 tamen
1590 505 1685 558 ipsa
1715 505 1922 546 Breviarii
1955 508 1997 546 et
2028 505 2130 546 Mis-

348 566 447 608 salis
478 567 638 619 inopia,
670 568 903 616 utrumque
936 563 1194 615 negligunt.“

483 655 573 690 Mss.
600 655 850 689 Monumenta
876 652 1143 687 ecclesiast1ca
1169 664 1197 686 c.
1225 652 1428 694 Nonensis‚
1454 651 1500 685 ab
1529 652 1708 697 episcopo
1734 652 1906 686 Nouensi
1931 648 2136 686 Francisco

346 703 392 736 de
419 702 573 735 Grassis
598 713 697 735 anno
728 701 812 734 1675
839 698 1061 733 authentica
1098 697 1223 732 forma
1255 697 1427 740 collecta,
1452 709 1486 743 p.
1504 697 1695 731 327—330.
1714 697 1759 732 In
1783 697 1952 733 Archivo
1978 697 2136 732 Archie-

346 748 532 793 piscopali
556 746 754 782 Jadrensi:
783 745 917 789 „Liber
942 744 1100 778 Rubens
1126 744 1352 778 Nonensis“.

896 897 993 937 192.
1026 897 1331 946 1667—167‘0,
1364 894 1584 936 Parentin.

487 1003 533 1043 In
566 1001 821 1043 Visitatione
855 1000 1052 1042 Generali
1086 1000 1314 1041 Canonica
1361 1000 1615 1041 dioeceseos
1648 999 1910 1041 Parentinae
1940 1001 2138 1052 tempore

348 1071 540 1124 episcopi
573 1070 739 1111 Nicolai
774 1069 995 1111 Caldanae
1029 1069 1252 1110 decretum
1283 1072 1369 1110 est:

489 1151 852 1203 „Mompadernoz
888 1150 963 1191 Sia
996 1153 1222 1203 comprato
1256 1163 1315 1191 un
1347 1151 1519 1191 missale
1542 1150 1677 1191 latino
1711 1152 1752 1190 et
1784 1162 1842 1190 un
1874 1149 2128 1191 schiavetto.

485 1209 527 1250 S.
561 1208 773 1249 Giovanni
807 1208 847 1249 di
883 1208 1063 1249 Sterna:
1090 1209 1184 1249 sian
1206 1208 1424 1260 provvisti·
1450 1208 1534 1249 due
1556 1207 1729 1248 messali
1760 1207 1876 1256 novi,
1910 1220 1970 1248 un
2001 1207 2135 1248 latino

348 1269 389 1308 et
420 1279 507 1307 uno
541 1266 688 1306 illirico
723 1279 804 1306 con
838 1265 903 1305 sui
936 1264 1100 1317 signali.

483 1323 680 1364 Novaco:
712 1323 786 1364 Sia
817 1322 1039 1374 provvisto
1073 1335 1131 1362 un
1164 1322 1293 1363 ritual
1325 1335 1471 1363 nuovo
1505 1322 1639 1362 latino
1674 1324 1715 1362 et
1746 1334 1835 1362 uno
1868 1321 2033 1363 illirico.

487 1381 716 1422 Zumesco:
752 1380 825 1422 Sia
857 1379 1079 1432 provvisto
1104 1379 1145 1420 di
1180 1379 1264 1420 due
1286 1380 1472 1428 messali,
1496 1392 1583 1420 uno
1617 1379 1752 1420 latino
1776 1382 1817 1420 et
1849 1391 1936 1420 uno
1970 1378 2138 1420 illirico.

484 1437 698 1479 Caroiba:
748 1437 881 1478 Siano
927 1437 1137 1490 provvisti
1180 1437 1265 1478 due
1311 1437 1483 1478 messali
1531 1437 1646 1486 novi,
1694 1449 1754 1478 un
1800 1436 1951 1478 illirico
1996 1439 2037 1477 et
2076 1449 2136 1478 un

346 1495 495 1536 latIno.

484 1552 692 1593 Raccole:
727 1552 842 1592 item.

491 1608 738 1650 Villanova:
771 1610 896 1650 item:

482 1667 675 1718 Abrega:
712 1666 786 1707 Sia
817 1665 1024 1719 provvisti
1059 1666 1144 1707 due
1176 1665 1353 1715 missali,
1387 1679 1445 1706 un
1482 1666 1617 1707 latino
1653 1668 1694 1707 et
1725 1679 1784 1707 un
1816 1665 2018 1708 Schiavo.

483 1724 702 1764 Fontane:
738 1723 811 1764 Sia
843 1723 1117 1776 provveduto
1151 1736 1209 1763 un
1241 1722 1524 1764 schiaiettof‘

485 1813 678 1859 Excerpta
703 1825 750 1848 ex
786 1813 1083 1848 Visitationibus
1122 1812 1376 1848 Generalibus
1403 1813 1607 1848 Canonicis
1634 1813 1804 1859 episcopi
1830 1812 2037 1858 Caldanae;
2064 1813 2136 1848 Pe-

350 1863 471 1901 sante,
497 1859 551 1894 La
576 1859 735 1905 liturgia
762 1859 886 1902 Slava,
915 1859 990 1894 126.

1009 2024 1106 2063 193.
1139 2024 1264 2072 1671,
1295 2022 1465 2064 Romae.

486 2124 727 2166 Cardinalis
758 2125 937 2166 Joannis
978 2126 1128 2167 Bonae
1161 2126 1214 2166 de
1237 2126 1401 2178 origine
1432 2126 1630 2178 liturgiae
1663 2126 2133 2179 Glagolito-Romanae

347 2206 397 2234 ac
429 2193 482 2234 de
513 2206 595 2234 usu
629 2194 847 2235 communi
878 2195 1040 2247 vigenti
1072 2208 1151 2236 sua
1193 2198 1334 2236 aetate
1375 2195 1419 2235 in
1465 2195 1604 2244 Istria‚
1636 2195 1844 2237 Liburnia
1875 2208 1925 2238 ac
1958 2196 2134 2238 Dalma-

357 2262 417 2302 tia
447 2262 635 2312 littorali,
668 2263 893 2304 sententia.

489 2342 551 2394 „§.
582 2340 649 2382 IV.
685 2341 805 2393 Quae
847 2346 994 2395 gentes
1025 2343 1172 2396 lingua
1211 2343 1378 2397 Illyrica
1420 2344 1571 2385 Missas
1603 2347 1747 2397 agant.
1779 2344 1902 2386 Aliae
1933 2345 2133 2386 nationes

348 2401 459 2446 sunt,
509 2411 619 2450 quae
668 2400 863 2451 quamvis
911 2401 1085 2442 alterius
1126 2401 1298 2453 linguae
1339 2401 1434 2450 sint,
1479 2401 1743 2443 Graecorum
1786 2404 1932 2443 tamen
1981 2402 2134 2446 ritibus

348 2455 584 2495 adhaerent
621 2480 662 2485 —
691 2480 736 2485 -
764 2480 821 2496 —.
856 2456 905 2497 In
938 2458 1060 2499 Istria
1082 2471 1199 2507 vero,
1234 2458 1275 2498 in
1298 2458 1522 2507 Liburnia,
1556 2462 1597 2499 et
1620 2459 1662 2499 in
1695 2459 1911 2500 Dalmatia
1941 2458 2132 2511 littorali,

348 2512 475 2552 Missa
508 2516 547 2552 et
570 2513 653 2553 alia
676 2513 817 2554 officia
839 2514 986 2566 lingua
1009 2528 1185 2568 quoque
1204 2516 1461 2557 Sclavonica
1493 2516 1780 2566 celebrantur,
1803 2516 1880 2557 sed
1901 2516 2008 2556 ritus
2040 2516 2132 2557 Ro-

349 2582 502 2609 manus
534 2573 609 2610 est.
644 2570 797 2622 Coepit
829 2575 973 2612 autem
1015 2573 1123 2613 haec
1155 2573 1302 2624 lingua
1334 2574 1376 2614 in
1411 2573 1553 2614 Sacris
1585 2574 1801 2627 Ecclesiae
1833 2573 2134 2615 functionibus

350 2626 487 2666 audiri
529 2627 672 2667 seculo
719 2640 837 2669 nono
875 2653 921 2658 —
942 2654 1007 2669 —.
1033 2630 1196 2670 Eodem
1230 2631 1375 2671 seculo
1398 2643 1516 2671 nono
1550 2630 1593 2671 S.
1627 2630 1879 2672 Methodius
1912 2630 2132 2672 Moraviae

348 2683 585 2734 Apostolus
616 2684 731 2732 vixit,
765 2686 836 2737 qui
869 2685 1020 2727 litteris
1063 2687 1329 2728 Sclavonicis
1358 2701 1383 2729 a
1427 2686 1718 2729 Constantino
1753 2687 1945 2741 quodam
1980 2687 2128 2729 Philo-

348 2740 488 2792 sopho
520 2742 700 2791 repertis
733 2754 827 2782 eam
861 2746 1031 2794 gentem
1062 2744 1276 2791 instruxit,
1300 2745 1468 2797 Deique
1504 2745 1655 2786 laudes
1688 2746 1922 2786 decantare
1955 2745 2130 2793 docuit;
2196 2743 2198 2745 ’

347 2799 439 2836 tum
470 2796 657 2837 Joannes
691 2798 779 2838 Vlll
814 2799 1037 2841 Romanus
1079 2801 1279 2842 Pontifex
1320 2801 1452 2853 Epist.
1486 2802 1581 2843 247.
1629 2802 1709 2852 „ad
1742 2801 2130 2854 Sfentopulehrum

347 2852 568 2894 Moraviae
601 2854 839 2895 Comitem“
887 2858 1046 2909 scripta
1089 2871 1203 2899 anno
1246 2859 1342 2906 880,
1375 2859 1526 2900 Missas
1570 2859 1612 2899 in
1647 2872 1697 2900 ea
1727 2859 1952 2911 provincia
1983 2859 2132 2911 lingua

349 2909 604 2952 Sclavonica
636 2912 801 2953 cantari
832 2915 1037 2965 permisit,
1063 2915 1302 2956 dummodo
1335 2916 1616 2968 Evangelium
1638 2916 1756 2969 prius
1780 2916 1946 2965 Latine,
1968 2916 2128 2958 deinde
2190 2920 2192 2923 ’

352 2967 605 3008 sclavonice
637 2969 860 3020 legeretur.
890 2994 943 2999 —
960 2995 1015 2999 —
1047 2971 1093 3011 In
1116 2972 1350 3023 provinciis
1372 2975 1518 3014 tamen
1540 2985 1672 3026 supra
1708 2973 1942 3014 nominatis
1965 2973 2131 3015 dudum

350 3026 524 3076 recepta
556 3026 826 3066 consuetodo
861 3027 1141 3078 praevaluit.“

487 3125 697 3159 Cardinalis
723 3126 840 3169 Bona,
866 3127 1010 3162 Rerum
1035 3129 1320 3174 Liturgicarum
1352 3130 1439 3164 libri
1473 3131 1558 3174 duo,
1585 3130 1731 3166 Romae
1758 3131 1855 3173 1671,
1882 3131 1962 3165 Lib.
1988 3131 2018 3174 I,
2043 3131 2133 3176 Cap.

349 3168 405 3202 IX
431 3168 465 3215 ξ.
492 3171 532 3213 4;
559 3172 761 3216 Augustae
789 3173 1095 3208 Taunorinorum
1122 3175 1220 3218 1748,
1246 3175 1274 3218 1,
1300 3176 1376 3210 151.
