<?xml version="1.0" encoding="UTF-8"?>
<!DOCTYPE html PUBLIC "-//W3C//DTD XHTML 1.0 Transitional//EN"
    "http://www.w3.org/TR/xhtml1/DTD/xhtml1-transitional.dtd">
<html xmlns="http://www.w3.org/1999/xhtml" xml:lang="en" lang="en">
 <head>
  <title>
</title>
<meta http-equiv="Content-Type" content="text/html;charset=utf-8" />
  <meta name='ocr-system' content='tesseract 3.04.00' />
  <meta name='ocr-capabilities' content='ocr_page ocr_carea ocr_par ocr_line ocrx_word'/>
</head>
<body>
  <div class='ocr_page' id='page_1' title='image "./fonteshistoricil00jeliuoft_0196.png"; bbox 0 0 2243 3444; ppageno 0'>
   <div class='ocr_carea' id='block_1_1' title="bbox 391 302 1485 348">
    <p class='ocr_par' dir='ltr' id='par_1_1' title="bbox 391 302 1485 348">
     <span class='ocr_line' id='line_1_1' title="bbox 391 302 1485 348; baseline -0.002 -9"><span class='ocrx_word' id='word_1_1' title='bbox 391 305 436 339; x_wconf 85' lang='lat'>40</span> <span class='ocrx_word' id='word_1_2' title='bbox 995 302 1179 337; x_wconf 74' lang='lat' dir='ltr'>Fontes</span> <span class='ocrx_word' id='word_1_3' title='bbox 1227 302 1485 348; x_wconf 80' lang='lat' dir='ltr'>Liturgiae</span> 
     </span>
    </p>
   </div>
   <div class='ocr_carea' id='block_1_2' title="bbox 766 441 1712 494">
    <p class='ocr_par' dir='ltr' id='par_1_2' title="bbox 766 441 1712 494">
     <span class='ocr_line' id='line_1_2' title="bbox 766 441 1712 494; baseline -0.001 -11"><span class='ocrx_word' id='word_1_4' title='bbox 766 447 862 484; x_wconf 67' lang='lat'>140.</span> <span class='ocrx_word' id='word_1_5' title='bbox 898 444 1196 491; x_wconf 76' lang='lat'>1642—1649,</span> <span class='ocrx_word' id='word_1_6' title='bbox 1228 441 1429 494; x_wconf 71' lang='lat' dir='ltr'>Kapinac</span> <span class='ocrx_word' id='word_1_7' title='bbox 1460 441 1712 494; x_wconf 73' lang='lat' dir='ltr'>Zaqrabien.</span> 
     </span>
    </p>
   </div>
   <div class='ocr_carea' id='block_1_3' title="bbox 347 534 2243 701">
    <p class='ocr_par' dir='ltr' id='par_1_3' title="bbox 347 534 2243 701">
     <span class='ocr_line' id='line_1_3' title="bbox 489 534 2132 587; baseline -0.002 -9"><span class='ocrx_word' id='word_1_8' title='bbox 489 537 704 587; x_wconf 74' lang='lat' dir='ltr'>„Ecclesia</span> <span class='ocrx_word' id='word_1_9' title='bbox 732 537 772 576; x_wconf 91' lang='lat' dir='ltr'>b.</span> <span class='ocrx_word' id='word_1_10' title='bbox 808 536 989 587; x_wconf 76' lang='lat' dir='ltr'>Virginis</span> <span class='ocrx_word' id='word_1_11' title='bbox 1022 535 1181 576; x_wconf 87' lang='lat' dir='ltr'>Mariae</span> <span class='ocrx_word' id='word_1_12' title='bbox 1213 535 1255 575; x_wconf 90' lang='lat' dir='ltr'>in</span> <span class='ocrx_word' id='word_1_13' title='bbox 1287 534 1525 587; x_wconf 86' lang='lat' dir='ltr'>Kupinacz.</span> <span class='ocrx_word' id='word_1_14' title='bbox 1548 534 1703 575; x_wconf 88' lang='lat' dir='ltr'>Petrus</span> <span class='ocrx_word' id='word_1_15' title='bbox 1734 534 2006 584; x_wconf 86' lang='lat' dir='ltr'>Ivichievich‚</span> <span class='ocrx_word' id='word_1_16' title='bbox 2041 534 2132 586; x_wconf 87' lang='lat' dir='ltr'>gla-</span> 
     </span>
     <span class='ocr_line' id='line_1_4' title="bbox 348 591 2243 661; baseline -0.001 -26"><span class='ocrx_word' id='word_1_17' title='bbox 348 595 479 647; x_wconf 89' lang='lat' dir='ltr'>golita</span> <span class='ocrx_word' id='word_1_18' title='bbox 514 619 560 624; x_wconf 92' lang='lat'>—</span> <span class='ocrx_word' id='word_1_19' title='bbox 586 620 630 623; x_wconf 97' lang='lat'><strong>—</strong></span> <span class='ocrx_word' id='word_1_20' title='bbox 667 594 738 646; x_wconf 83' lang='lat' dir='ltr'>qui</span> <span class='ocrx_word' id='word_1_21' title='bbox 772 608 808 657; x_wconf 31' lang='lat' dir='ltr'>a.</span> <span class='ocrx_word' id='word_1_22' title='bbox 826 593 1103 656; x_wconf 84' lang='lat' dir='ltr'>parochianis</span> <span class='ocrx_word' id='word_1_23' title='bbox 1125 593 1179 633; x_wconf 91' lang='lat' dir='ltr'>de</span> <span class='ocrx_word' id='word_1_24' title='bbox 1197 593 1288 656; x_wconf 61' lang='lat' dir='ltr'>yita</span> <span class='ocrx_word' id='word_1_25' title='bbox 1319 592 1503 656; x_wconf 81' lang='lat' dir='ltr'>honesta</span> <span class='ocrx_word' id='word_1_26' title='bbox 1526 595 1567 632; x_wconf 93' lang='lat' dir='ltr'>et</span> <span class='ocrx_word' id='word_1_27' title='bbox 1599 591 1741 633; x_wconf 86' lang='lat' dir='ltr'>officio</span> <span class='ocrx_word' id='word_1_28' title='bbox 1775 592 1921 633; x_wconf 90' lang='lat' dir='ltr'>divino</span> <span class='ocrx_word' id='word_1_29' title='bbox 1955 591 2134 633; x_wconf 89' lang='lat' dir='ltr'>laudem</span> <span class='ocrx_word' id='word_1_30' title='bbox 2239 612 2243 661; x_wconf 45' lang='grc' dir='ltr'><strong>ἰ</strong></span> 
     </span>
     <span class='ocr_line' id='line_1_5' title="bbox 347 648 2243 701; baseline -0.003 -8"><span class='ocrx_word' id='word_1_31' title='bbox 347 653 489 694; x_wconf 86' lang='lat' dir='ltr'>habet.</span> <span class='ocrx_word' id='word_1_32' title='bbox 530 677 573 681; x_wconf 93' lang='lat'>—</span> <span class='ocrx_word' id='word_1_33' title='bbox 609 653 753 692; x_wconf 85' lang='lat' dir='ltr'>Habet</span> <span class='ocrx_word' id='word_1_34' title='bbox 784 652 942 691; x_wconf 83' lang='lat' dir='ltr'>librum</span> <span class='ocrx_word' id='word_1_35' title='bbox 974 650 1148 691; x_wconf 82' lang='lat' dir='ltr'>Rituale</span> <span class='ocrx_word' id='word_1_36' title='bbox 1179 650 1326 701; x_wconf 82' lang='lat' dir='ltr'>lingua</span> <span class='ocrx_word' id='word_1_37' title='bbox 1356 648 1551 691; x_wconf 82' lang='lat' dir='ltr'>Illirica.“</span> <span class='ocrx_word' id='word_1_38' title='bbox 2240 668 2243 672; x_wconf 50' lang='lat'><strong><em>⁴</em></strong></span> 
     </span>
    </p>
   </div>
   <div class='ocr_carea' id='block_1_4' title="bbox 347 740 2137 834">
    <p class='ocr_par' dir='ltr' id='par_1_4' title="bbox 347 740 2137 834">
     <span class='ocr_line' id='line_1_6' title="bbox 490 740 2137 785; baseline -0.002 -8"><span class='ocrx_word' id='word_1_39' title='bbox 490 743 665 777; x_wconf 79' lang='lat' dir='ltr'>Visitatio</span> <span class='ocrx_word' id='word_1_40' title='bbox 693 742 844 776; x_wconf 57' lang='lat' dir='ltr'>Archid.</span> <span class='ocrx_word' id='word_1_41' title='bbox 874 741 1111 776; x_wconf 77' lang='lat' dir='ltr'>Cathedralis</span> <span class='ocrx_word' id='word_1_42' title='bbox 1147 741 1244 784; x_wconf 81' lang='lat'>1642,</span> <span class='ocrx_word' id='word_1_43' title='bbox 1281 744 1320 775; x_wconf 81' lang='lat' dir='ltr'>et</span> <span class='ocrx_word' id='word_1_44' title='bbox 1351 740 1533 775; x_wconf 70' lang='lat' dir='ltr'>visitatio</span> <span class='ocrx_word' id='word_1_45' title='bbox 1568 741 1762 775; x_wconf 84' lang='lat' dir='ltr'>Canonica</span> <span class='ocrx_word' id='word_1_46' title='bbox 1787 740 1894 785; x_wconf 75' lang='lat'>16493</span> <span class='ocrx_word' id='word_1_47' title='bbox 1921 740 1996 776; x_wconf 84' lang='lat' dir='ltr'>Cfr.</span> <span class='ocrx_word' id='word_1_48' title='bbox 2023 740 2137 775; x_wconf 81' lang='lat' dir='ltr'>Tkal-</span> 
     </span>
     <span class='ocr_line' id='line_1_7' title="bbox 347 786 1587 834; baseline -0.003 -10"><span class='ocrx_word' id='word_1_49' title='bbox 347 790 412 824; x_wconf 57' lang='lat' dir='ltr'>cic.</span> <span class='ocrx_word' id='word_1_50' title='bbox 440 789 652 824; x_wconf 77' lang='lat' dir='ltr'>Slavensko</span> <span class='ocrx_word' id='word_1_51' title='bbox 678 787 901 834; x_wconf 66' lang='lat' dir='ltr'>begoslque</span> <span class='ocrx_word' id='word_1_52' title='bbox 926 799 951 821; x_wconf 92' lang='lat' dir='ltr'>u</span> <span class='ocrx_word' id='word_1_53' title='bbox 977 787 1203 831; x_wconf 67' lang='lat' dir='ltr'>Hrvatskqj,</span> <span class='ocrx_word' id='word_1_54' title='bbox 1222 787 1382 833; x_wconf 81' lang='lat' dir='ltr'>Zagreb,</span> <span class='ocrx_word' id='word_1_55' title='bbox 1410 787 1508 829; x_wconf 70' lang='lat'>1904,</span> <span class='ocrx_word' id='word_1_56' title='bbox 1533 786 1587 821; x_wconf 78' lang='lat'>83.</span> 
     </span>
    </p>
   </div>
   <div class='ocr_carea' id='block_1_5' title="bbox 2116 682 2243 3068">
    <p class='ocr_par' dir='ltr' id='par_1_5' title="bbox 2116 682 2243 3068">
     <span class='ocr_line' id='line_1_8' title="bbox 2217 682 2243 1004; baseline 0 0"><span class='ocrx_word' id='word_1_57' title='bbox 2217 682 2243 1004; x_wconf 95' lang='lat' dir='ltr'>   </span> 
     </span>
     <span class='ocr_line' id='line_1_9' title="bbox 2208 1004 2243 1224; baseline 0 0"><span class='ocrx_word' id='word_1_58' title='bbox 2208 1004 2243 1224; x_wconf 95' lang='lat' dir='ltr'>   </span> 
     </span>
     <span class='ocr_line' id='line_1_10' title="bbox 2199 1224 2243 1447; baseline 0 -118"><span class='ocrx_word' id='word_1_59' title='bbox 2199 1224 2243 1447; x_wconf 95' lang='lat' dir='ltr'>   </span> 
     </span>
     <span class='ocr_line' id='line_1_11' title="bbox 2192 1447 2243 1746; baseline 0 0"><span class='ocrx_word' id='word_1_60' title='bbox 2192 1447 2243 1746; x_wconf 95' lang='lat' dir='ltr'>     </span> 
     </span>
     <span class='ocr_line' id='line_1_12' title="bbox 2178 1746 2243 2006; baseline 0 -44"><span class='ocrx_word' id='word_1_61' title='bbox 2178 1746 2243 2006; x_wconf 95' lang='lat' dir='ltr'>    </span> 
     </span>
     <span class='ocr_line' id='line_1_13' title="bbox 2167 2006 2243 2291; baseline 0 -192"><span class='ocrx_word' id='word_1_62' title='bbox 2167 2006 2243 2291; x_wconf 95' lang='lat' dir='ltr'>  </span> 
     </span>
     <span class='ocr_line' id='line_1_14' title="bbox 2159 2291 2243 2539; baseline 0 -72"><span class='ocrx_word' id='word_1_63' title='bbox 2159 2291 2243 2539; x_wconf 95' lang='lat' dir='ltr'>   </span> 
     </span>
     <span class='ocr_line' id='line_1_15' title="bbox 2139 2539 2237 2787; baseline 0 0"><span class='ocrx_word' id='word_1_64' title='bbox 2139 2539 2237 2787; x_wconf 95' lang='lat' dir='ltr'>    </span> 
     </span>
     <span class='ocr_line' id='line_1_16' title="bbox 2135 2787 2230 2934; baseline 0 -43"><span class='ocrx_word' id='word_1_65' title='bbox 2135 2787 2230 2934; x_wconf 95' lang='lat' dir='ltr'>  </span> 
     </span>
     <span class='ocr_line' id='line_1_17' title="bbox 2116 2934 2225 3068; baseline 0 -77"><span class='ocrx_word' id='word_1_66' title='bbox 2116 2934 2225 3068; x_wconf 95' lang='lat' dir='ltr'>  </span> 
     </span>
    </p>
   </div>
   <div class='ocr_carea' id='block_1_6' title="bbox 978 938 1498 991">
    <p class='ocr_par' dir='ltr' id='par_1_6' title="bbox 978 938 1498 991">
     <span class='ocr_line' id='line_1_18' title="bbox 978 938 1498 991; baseline 0 -12"><span class='ocrx_word' id='word_1_67' title='bbox 978 941 1069 980; x_wconf 77' lang='lat'>141.</span> <span class='ocrx_word' id='word_1_68' title='bbox 1111 940 1239 987; x_wconf 86' lang='lat'>1650,</span> <span class='ocrx_word' id='word_1_69' title='bbox 1274 938 1498 991; x_wconf 74' lang='lat' dir='ltr'>Teryestin.</span> 
     </span>
    </p>
   </div>
   <div class='ocr_carea' id='block_1_7' title="bbox 346 1031 2135 1214">
    <p class='ocr_par' dir='ltr' id='par_1_7' title="bbox 346 1031 2135 1214">
     <span class='ocr_line' id='line_1_19' title="bbox 484 1031 2135 1086; baseline 0 -12"><span class='ocrx_word' id='word_1_70' title='bbox 484 1033 725 1086; x_wconf 80' lang='lat' dir='ltr'>Episcopus</span> <span class='ocrx_word' id='word_1_71' title='bbox 772 1032 1050 1084; x_wconf 73' lang='lat' dir='ltr'>Tergestinus</span> <span class='ocrx_word' id='word_1_72' title='bbox 1092 1032 1311 1072; x_wconf 91' lang='lat' dir='ltr'>Antonius</span> <span class='ocrx_word' id='word_1_73' title='bbox 1355 1031 1620 1072; x_wconf 89' lang='lat' dir='ltr'>Marentinus</span> <span class='ocrx_word' id='word_1_74' title='bbox 1664 1031 1706 1071; x_wconf 89' lang='lat' dir='ltr'>in</span> <span class='ocrx_word' id='word_1_75' title='bbox 1738 1031 1946 1073; x_wconf 80' lang='lat' dir='ltr'>relatione</span> <span class='ocrx_word' id='word_1_76' title='bbox 1977 1032 2135 1074; x_wconf 89' lang='lat' dir='ltr'>Visita—</span> 
     </span>
     <span class='ocr_line' id='line_1_20' title="bbox 346 1095 2135 1155; baseline 0 -12"><span class='ocrx_word' id='word_1_77' title='bbox 346 1103 475 1143; x_wconf 91' lang='lat' dir='ltr'>tionis</span> <span class='ocrx_word' id='word_1_78' title='bbox 507 1103 562 1143; x_wconf 90' lang='lat' dir='ltr'>ad</span> <span class='ocrx_word' id='word_1_79' title='bbox 594 1102 759 1143; x_wconf 80' lang='lat' dir='ltr'>Limina</span> <span class='ocrx_word' id='word_1_80' title='bbox 807 1102 1121 1155; x_wconf 76' lang='lat' dir='ltr'>Apostolorum</span> <span class='ocrx_word' id='word_1_81' title='bbox 1169 1101 1212 1142; x_wconf 89' lang='lat' dir='ltr'>S.</span> <span class='ocrx_word' id='word_1_82' title='bbox 1261 1100 1657 1153; x_wconf 88' lang='lat' dir='ltr'>Congregationem</span> <span class='ocrx_word' id='word_1_83' title='bbox 1700 1100 1879 1144; x_wconf 84' lang='lat' dir='ltr'>Concilii</span> <span class='ocrx_word' id='word_1_84' title='bbox 1923 1095 1976 1143; x_wconf 88' lang='lat' dir='ltr'>de</span> <span class='ocrx_word' id='word_1_85' title='bbox 2020 1105 2135 1144; x_wconf 89' lang='lat' dir='ltr'>statu</span> 
     </span>
     <span class='ocr_line' id='line_1_21' title="bbox 350 1170 1261 1214; baseline -0.003 -1"><span class='ocrx_word' id='word_1_86' title='bbox 350 1172 600 1213; x_wconf 90' lang='lat' dir='ltr'>dioeceseos</span> <span class='ocrx_word' id='word_1_87' title='bbox 633 1171 857 1213; x_wconf 82' lang='lat' dir='ltr'>certiorem</span> <span class='ocrx_word' id='word_1_88' title='bbox 892 1170 1080 1214; x_wconf 63' lang='lat' dir='ltr'>reddens</span> <span class='ocrx_word' id='word_1_89' title='bbox 1110 1170 1261 1211; x_wconf 80' lang='lat' dir='ltr'>refert:</span> 
     </span>
    </p>
   </div>
   <div class='ocr_carea' id='block_1_8' title="bbox 342 1250 2135 1993">
    <p class='ocr_par' dir='ltr' id='par_1_8' title="bbox 342 1250 2135 1982">
     <span class='ocr_line' id='line_1_22' title="bbox 486 1250 2135 1303; baseline -0.001 -10"><span class='ocrx_word' id='word_1_90' title='bbox 486 1252 723 1302; x_wconf 67' lang='lat' dir='ltr'>„Parochia</span> <span class='ocrx_word' id='word_1_91' title='bbox 774 1252 1013 1297; x_wconf 89' lang='lat' dir='ltr'>Ternovae,</span> <span class='ocrx_word' id='word_1_92' title='bbox 1055 1253 1267 1303; x_wconf 89' lang='lat' dir='ltr'>patronus</span> <span class='ocrx_word' id='word_1_93' title='bbox 1311 1253 1375 1291; x_wconf 91' lang='lat' dir='ltr'>est</span> <span class='ocrx_word' id='word_1_94' title='bbox 1418 1250 1461 1291; x_wconf 89' lang='lat' dir='ltr'>S.</span> <span class='ocrx_word' id='word_1_95' title='bbox 1495 1251 1648 1291; x_wconf 87' lang='lat' dir='ltr'>Petrus</span> <span class='ocrx_word' id='word_1_96' title='bbox 1694 1250 1935 1303; x_wconf 88' lang='lat' dir='ltr'>Apostolus</span> <span class='ocrx_word' id='word_1_97' title='bbox 1982 1251 2135 1293; x_wconf 89' lang='lat' dir='ltr'>filiales</span> 
     </span>
     <span class='ocr_line' id='line_1_23' title="bbox 345 1307 2134 1364; baseline 0.001 -14"><span class='ocrx_word' id='word_1_98' title='bbox 345 1323 525 1351; x_wconf 87' lang='lat' dir='ltr'>numero</span> <span class='ocrx_word' id='word_1_99' title='bbox 585 1311 651 1357; x_wconf 79' lang='lat'>34,</span> <span class='ocrx_word' id='word_1_100' title='bbox 693 1309 829 1364; x_wconf 87' lang='lat' dir='ltr'>[nunc</span> <span class='ocrx_word' id='word_1_101' title='bbox 872 1309 914 1349; x_wconf 90' lang='lat' dir='ltr'>in</span> <span class='ocrx_word' id='word_1_102' title='bbox 955 1308 1197 1349; x_wconf 88' lang='lat' dir='ltr'>Labacensi</span> <span class='ocrx_word' id='word_1_103' title='bbox 1256 1307 1467 1362; x_wconf 89' lang='lat' dir='ltr'>dioecesi]</span> <span class='ocrx_word' id='word_1_104' title='bbox 1512 1333 1565 1338; x_wconf 97' lang='lat'>—</span> <span class='ocrx_word' id='word_1_105' title='bbox 1607 1308 1770 1360; x_wconf 87' lang='lat' dir='ltr'>regitur</span> <span class='ocrx_word' id='word_1_106' title='bbox 1813 1322 1838 1349; x_wconf 92' lang='lat' dir='ltr'>a</span> <span class='ocrx_word' id='word_1_107' title='bbox 1875 1309 2134 1352; x_wconf 84' lang='lat' dir='ltr'>Reverendo</span> 
     </span>
     <span class='ocr_line' id='line_1_24' title="bbox 345 1366 2135 1420; baseline 0.001 -13"><span class='ocrx_word' id='word_1_108' title='bbox 345 1369 489 1408; x_wconf 85' lang='lat' dir='ltr'>Pietro</span> <span class='ocrx_word' id='word_1_109' title='bbox 523 1368 758 1408; x_wconf 85' lang='lat' dir='ltr'>Abramich</span> <span class='ocrx_word' id='word_1_110' title='bbox 792 1379 880 1407; x_wconf 91' lang='lat' dir='ltr'>non</span> <span class='ocrx_word' id='word_1_111' title='bbox 913 1379 963 1406; x_wconf 92' lang='lat' dir='ltr'>ea</span> <span class='ocrx_word' id='word_1_112' title='bbox 1007 1379 1092 1419; x_wconf 84' lang='lat' dir='ltr'>qua</span> <span class='ocrx_word' id='word_1_113' title='bbox 1124 1379 1326 1418; x_wconf 89' lang='lat' dir='ltr'>cuperem</span> <span class='ocrx_word' id='word_1_114' title='bbox 1370 1366 1605 1418; x_wconf 82' lang='lat' dir='ltr'>diligentia,</span> <span class='ocrx_word' id='word_1_115' title='bbox 1648 1366 1747 1406; x_wconf 89' lang='lat' dir='ltr'>licet</span> <span class='ocrx_word' id='word_1_116' title='bbox 1779 1366 1890 1407; x_wconf 91' lang='lat' dir='ltr'>duos</span> <span class='ocrx_word' id='word_1_117' title='bbox 1923 1379 2135 1420; x_wconf 86' lang='lat' dir='ltr'>coopera—</span> 
     </span>
     <span class='ocr_line' id='line_1_25' title="bbox 343 1423 2121 1477; baseline 0.001 -12"><span class='ocrx_word' id='word_1_118' title='bbox 343 1428 459 1465; x_wconf 89' lang='lat' dir='ltr'>tores</span> <span class='ocrx_word' id='word_1_119' title='bbox 499 1426 612 1465; x_wconf 81' lang='lat' dir='ltr'>vices</span> <span class='ocrx_word' id='word_1_120' title='bbox 653 1428 890 1477; x_wconf 85' lang='lat' dir='ltr'>utcumque</span> <span class='ocrx_word' id='word_1_121' title='bbox 931 1423 1166 1476; x_wconf 89' lang='lat' dir='ltr'>adimpleat</span> <span class='ocrx_word' id='word_1_122' title='bbox 1207 1437 1320 1471; x_wconf 77' lang='lat' dir='ltr'>suaS,</span> <span class='ocrx_word' id='word_1_123' title='bbox 1367 1426 1539 1476; x_wconf 89' lang='lat' dir='ltr'>praeter</span> <span class='ocrx_word' id='word_1_124' title='bbox 1579 1424 1660 1464; x_wconf 90' lang='lat' dir='ltr'>hos</span> <span class='ocrx_word' id='word_1_125' title='bbox 1704 1424 1816 1465; x_wconf 91' lang='lat' dir='ltr'>duos</span> <span class='ocrx_word' id='word_1_126' title='bbox 1847 1424 2121 1477; x_wconf 87' lang='lat' dir='ltr'>aliosposset‚</span> 
     </span>
     <span class='ocr_line' id='line_1_26' title="bbox 345 1480 2125 1535; baseline 0 -12"><span class='ocrx_word' id='word_1_127' title='bbox 345 1495 530 1535; x_wconf 87' lang='lat' dir='ltr'>quorum</span> <span class='ocrx_word' id='word_1_128' title='bbox 563 1482 728 1535; x_wconf 89' lang='lat' dir='ltr'>primus</span> <span class='ocrx_word' id='word_1_129' title='bbox 759 1482 802 1522; x_wconf 89' lang='lat' dir='ltr'>in</span> <span class='ocrx_word' id='word_1_130' title='bbox 834 1482 961 1522; x_wconf 87' lang='lat' dir='ltr'>Prem</span> <span class='ocrx_word' id='word_1_131' title='bbox 1004 1481 1213 1522; x_wconf 88' lang='lat' dir='ltr'>Curatum</span> <span class='ocrx_word' id='word_1_132' title='bbox 1251 1481 1340 1533; x_wconf 86' lang='lat' dir='ltr'>agit</span> <span class='ocrx_word' id='word_1_133' title='bbox 1380 1481 1460 1522; x_wconf 91' lang='lat' dir='ltr'>sub</span> <span class='ocrx_word' id='word_1_134' title='bbox 1493 1481 1617 1521; x_wconf 91' lang='lat' dir='ltr'>titulo</span> <span class='ocrx_word' id='word_1_135' title='bbox 1651 1481 1693 1522; x_wconf 90' lang='lat' dir='ltr'>S.</span> <span class='ocrx_word' id='word_1_136' title='bbox 1725 1480 1877 1522; x_wconf 88' lang='lat' dir='ltr'>Jacobi</span> <span class='ocrx_word' id='word_1_137' title='bbox 1909 1481 2125 1533; x_wconf 85' lang='lat' dir='ltr'>Apostoli,</span> 
     </span>
     <span class='ocr_line' id='line_1_27' title="bbox 344 1535 2124 1594; baseline 0 -13"><span class='ocrx_word' id='word_1_138' title='bbox 344 1541 451 1581; x_wconf 89' lang='lat' dir='ltr'>alter</span> <span class='ocrx_word' id='word_1_139' title='bbox 482 1553 582 1581; x_wconf 89' lang='lat' dir='ltr'>vero</span> <span class='ocrx_word' id='word_1_140' title='bbox 615 1540 656 1580; x_wconf 92' lang='lat' dir='ltr'>in</span> <span class='ocrx_word' id='word_1_141' title='bbox 690 1535 861 1580; x_wconf 84' lang='lat' dir='ltr'>Pote&#39;rai</span> <span class='ocrx_word' id='word_1_142' title='bbox 894 1538 1198 1594; x_wconf 63' lang='lat' dir='ltr'>[Podgradje]</span> <span class='ocrx_word' id='word_1_143' title='bbox 1231 1540 1304 1591; x_wconf 89' lang='lat' dir='ltr'>qui</span> <span class='ocrx_word' id='word_1_144' title='bbox 1335 1539 1464 1579; x_wconf 91' lang='lat' dir='ltr'>aliam</span> <span class='ocrx_word' id='word_1_145' title='bbox 1495 1539 1687 1590; x_wconf 80' lang='lat' dir='ltr'>linguam</span> <span class='ocrx_word' id='word_1_146' title='bbox 1717 1541 1890 1591; x_wconf 87' lang='lat' dir='ltr'>praeter</span> <span class='ocrx_word' id='word_1_147' title='bbox 1919 1537 2124 1581; x_wconf 88' lang='lat' dir='ltr'>Illiricam</span> 
     </span>
     <span class='ocr_line' id='line_1_28' title="bbox 343 1596 2120 1649; baseline 0.001 -11"><span class='ocrx_word' id='word_1_148' title='bbox 343 1598 431 1638; x_wconf 87' lang='lat' dir='ltr'>sive</span> <span class='ocrx_word' id='word_1_149' title='bbox 464 1597 760 1649; x_wconf 87' lang='lat' dir='ltr'>Glagoliticam</span> <span class='ocrx_word' id='word_1_150' title='bbox 791 1609 880 1637; x_wconf 92' lang='lat' dir='ltr'>non</span> <span class='ocrx_word' id='word_1_151' title='bbox 913 1597 1049 1645; x_wconf 88' lang='lat' dir='ltr'>callet,</span> <span class='ocrx_word' id='word_1_152' title='bbox 1073 1599 1113 1637; x_wconf 91' lang='lat' dir='ltr'>et</span> <span class='ocrx_word' id='word_1_153' title='bbox 1135 1597 1215 1638; x_wconf 80' lang='lat' dir='ltr'>tali&#39;</span> <span class='ocrx_word' id='word_1_154' title='bbox 1238 1597 1427 1637; x_wconf 82' lang='lat' dir='ltr'>celebrat</span> <span class='ocrx_word' id='word_1_155' title='bbox 1449 1599 1490 1637; x_wconf 89' lang='lat' dir='ltr'>et</span> <span class='ocrx_word' id='word_1_156' title='bbox 1513 1596 1797 1637; x_wconf 83' lang='lat' dir='ltr'>Sacramenta</span> <span class='ocrx_word' id='word_1_157' title='bbox 1834 1596 2120 1639; x_wconf 87' lang='lat' dir='ltr'>administrat.</span> 
     </span>
     <span class='ocr_line' id='line_1_29' title="bbox 348 1653 2124 1707; baseline 0.001 -12"><span class='ocrx_word' id='word_1_158' title='bbox 348 1678 394 1684; x_wconf 94' lang='lat'><strong>—</strong></span> <span class='ocrx_word' id='word_1_159' title='bbox 430 1655 630 1707; x_wconf 87' lang='lat' dir='ltr'>Draguch</span> <span class='ocrx_word' id='word_1_160' title='bbox 660 1655 871 1707; x_wconf 89' lang='lat' dir='ltr'>parochia</span> <span class='ocrx_word' id='word_1_161' title='bbox 902 1653 1103 1695; x_wconf 83' lang='lat' dir='ltr'>Sanctam</span> <span class='ocrx_word' id='word_1_162' title='bbox 1137 1653 1320 1694; x_wconf 88' lang='lat' dir='ltr'>Crucem</span> <span class='ocrx_word' id='word_1_163' title='bbox 1354 1653 1466 1702; x_wconf 88' lang='lat' dir='ltr'>colit,</span> <span class='ocrx_word' id='word_1_164' title='bbox 1499 1653 1629 1695; x_wconf 89' lang='lat' dir='ltr'>habet</span> <span class='ocrx_word' id='word_1_165' title='bbox 1662 1654 1917 1706; x_wconf 87' lang='lat' dir='ltr'>parochiam</span> <span class='ocrx_word' id='word_1_166' title='bbox 1947 1655 2000 1695; x_wconf 89' lang='lat' dir='ltr'>R.</span> <span class='ocrx_word' id='word_1_167' title='bbox 2033 1655 2124 1696; x_wconf 91' lang='lat' dir='ltr'>An-</span> 
     </span>
     <span class='ocr_line' id='line_1_30' title="bbox 345 1709 2123 1767; baseline 0 -14"><span class='ocrx_word' id='word_1_168' title='bbox 345 1713 492 1753; x_wconf 88' lang='lat' dir='ltr'>dream</span> <span class='ocrx_word' id='word_1_169' title='bbox 525 1712 779 1759; x_wconf 85' lang='lat' dir='ltr'>Matcovich,</span> <span class='ocrx_word' id='word_1_170' title='bbox 823 1716 1059 1764; x_wconf 85' lang='lat' dir='ltr'>utcumque</span> <span class='ocrx_word' id='word_1_171' title='bbox 1102 1711 1324 1760; x_wconf 80' lang='lat' dir='ltr'>idoneum,</span> <span class='ocrx_word' id='word_1_172' title='bbox 1362 1711 1516 1752; x_wconf 90' lang='lat' dir='ltr'>aetatis</span> <span class='ocrx_word' id='word_1_173' title='bbox 1548 1711 1603 1761; x_wconf 84' lang='lat'>90</span> <span class='ocrx_word' id='word_1_174' title='bbox 1645 1723 1860 1752; x_wconf 88' lang='lat' dir='ltr'>annorum</span> <span class='ocrx_word' id='word_1_175' title='bbox 1891 1709 2008 1767; x_wconf 89' lang='lat' dir='ltr'>[qui]</span> <span class='ocrx_word' id='word_1_176' title='bbox 2040 1712 2123 1753; x_wconf 84' lang='lat' dir='ltr'>Illi-</span> 
     </span>
     <span class='ocr_line' id='line_1_31' title="bbox 343 1767 2124 1820; baseline 0.001 -10"><span class='ocrx_word' id='word_1_177' title='bbox 343 1770 432 1810; x_wconf 89' lang='lat' dir='ltr'>rico</span> <span class='ocrx_word' id='word_1_178' title='bbox 466 1770 554 1809; x_wconf 81' lang='lat' dir='ltr'>sive</span> <span class='ocrx_word' id='word_1_179' title='bbox 588 1769 843 1820; x_wconf 90' lang='lat' dir='ltr'>Glagolitico</span> <span class='ocrx_word' id='word_1_180' title='bbox 876 1769 1083 1810; x_wconf 90' lang='lat' dir='ltr'>idiomate</span> <span class='ocrx_word' id='word_1_181' title='bbox 1114 1768 1266 1809; x_wconf 88' lang='lat' dir='ltr'>Missas</span> <span class='ocrx_word' id='word_1_182' title='bbox 1299 1768 1488 1809; x_wconf 89' lang='lat' dir='ltr'>celebrat</span> <span class='ocrx_word' id='word_1_183' title='bbox 1520 1771 1561 1809; x_wconf 88' lang='lat' dir='ltr'>et</span> <span class='ocrx_word' id='word_1_184' title='bbox 1584 1767 1865 1809; x_wconf 82' lang='lat' dir='ltr'>Sacramenta</span> <span class='ocrx_word' id='word_1_185' title='bbox 1896 1769 2124 1811; x_wconf 87' lang='lat' dir='ltr'>ministrat.</span> 
     </span>
     <span class='ocr_line' id='line_1_32' title="bbox 342 1825 2132 1879; baseline 0 -12"><span class='ocrx_word' id='word_1_186' title='bbox 342 1851 396 1855; x_wconf 97' lang='lat'><strong>—</strong></span> <span class='ocrx_word' id='word_1_187' title='bbox 425 1826 697 1878; x_wconf 83' lang='lat' dir='ltr'>Savignacho</span> <span class='ocrx_word' id='word_1_188' title='bbox 732 1826 940 1878; x_wconf 89' lang='lat' dir='ltr'>parochia</span> <span class='ocrx_word' id='word_1_189' title='bbox 983 1825 1026 1867; x_wconf 88' lang='lat' dir='ltr'>S.</span> <span class='ocrx_word' id='word_1_190' title='bbox 1060 1825 1230 1879; x_wconf 88' lang='lat' dir='ltr'>Georgij</span> <span class='ocrx_word' id='word_1_191' title='bbox 1274 1826 1471 1878; x_wconf 88' lang='lat' dir='ltr'>martyris</span> <span class='ocrx_word' id='word_1_192' title='bbox 1516 1825 1761 1878; x_wconf 89' lang='lat' dir='ltr'>patrocinio</span> <span class='ocrx_word' id='word_1_193' title='bbox 1796 1825 1968 1877; x_wconf 83' lang='lat' dir='ltr'>gaudet,</span> <span class='ocrx_word' id='word_1_194' title='bbox 2001 1839 2132 1878; x_wconf 89' lang='lat' dir='ltr'>paro-</span> 
     </span>
     <span class='ocr_line' id='line_1_33' title="bbox 347 1883 2134 1936; baseline 0.001 -13"><span class='ocrx_word' id='word_1_195' title='bbox 347 1884 471 1924; x_wconf 89' lang='lat' dir='ltr'>chum</span> <span class='ocrx_word' id='word_1_196' title='bbox 506 1884 725 1924; x_wconf 83' lang='lat' dir='ltr'>Matheum</span> <span class='ocrx_word' id='word_1_197' title='bbox 761 1883 993 1924; x_wconf 86' lang='lat' dir='ltr'>Marconaz</span> <span class='ocrx_word' id='word_1_198' title='bbox 1026 1883 1172 1931; x_wconf 83' lang='lat' dir='ltr'>habet,</span> <span class='ocrx_word' id='word_1_199' title='bbox 1216 1883 1355 1924; x_wconf 86' lang='lat' dir='ltr'>virum</span> <span class='ocrx_word' id='word_1_200' title='bbox 1387 1883 1671 1924; x_wconf 87' lang='lat' dir='ltr'>sufficientem</span> <span class='ocrx_word' id='word_1_201' title='bbox 1716 1895 1814 1924; x_wconf 90' lang='lat' dir='ltr'>cum</span> <span class='ocrx_word' id='word_1_202' title='bbox 1847 1886 2134 1936; x_wconf 86' lang='lat' dir='ltr'>cooperatore</span> 
     </span>
     <span class='ocr_line' id='line_1_34' title="bbox 343 1940 1125 1993; baseline 0 -12"><span class='ocrx_word' id='word_1_203' title='bbox 343 1942 532 1993; x_wconf 81' lang='lat' dir='ltr'>linguam</span> <span class='ocrx_word' id='word_1_204' title='bbox 568 1941 867 1993; x_wconf 87' lang='lat' dir='ltr'>Glagoliticam</span> <span class='ocrx_word' id='word_1_205' title='bbox 901 1940 1125 1981; x_wconf 72' lang='lat' dir='ltr'>callente“⁷</span> 
     </span>
    </p>
   </div>
   <div class='ocr_carea' id='block_1_9' title="bbox 340 2029 2117 2123">
    <p class='ocr_par' dir='ltr' id='par_1_9' title="bbox 340 2029 2117 2122">
     <span class='ocr_line' id='line_1_35' title="bbox 478 2029 2117 2082; baseline 0.002 -19.015"><span class='ocrx_word' id='word_1_206' title='bbox 478 2030 756 2064; x_wconf 79' lang='lat' dir='ltr'>Anthenticum</span> <span class='ocrx_word' id='word_1_207' title='bbox 782 2031 821 2063; x_wconf 79' lang='lat' dir='ltr'>in</span> <span class='ocrx_word' id='word_1_208' title='bbox 847 2030 1016 2065; x_wconf 83' lang='lat' dir='ltr'>Archivo</span> <span class='ocrx_word' id='word_1_209' title='bbox 1044 2030 1077 2064; x_wconf 88' lang='lat' dir='ltr'>S.</span> <span class='ocrx_word' id='word_1_210' title='bbox 1106 2030 1430 2082; x_wconf 82' lang='lat' dir='ltr'>Congregationis</span> <span class='ocrx_word' id='word_1_211' title='bbox 1449 2030 1619 2073; x_wconf 72' lang='lat' dir='ltr'>Goncssii,</span> <span class='ocrx_word' id='word_1_212' title='bbox 1636 2030 1678 2064; x_wconf 84' lang='lat' dir='ltr'>in</span> <span class='ocrx_word' id='word_1_213' title='bbox 1696 2029 1901 2065; x_wconf 85' lang='lat' dir='ltr'>Tabulario</span> <span class='ocrx_word' id='word_1_214' title='bbox 1928 2031 2117 2066; x_wconf 70' lang='lat' dir='ltr'>Vaticano</span> 
     </span>
     <span class='ocr_line' id='line_1_36' title="bbox 340 2076 1282 2123; baseline 0.001 -14"><span class='ocrx_word' id='word_1_215' title='bbox 340 2077 454 2121; x_wconf 80' lang='lat' dir='ltr'>juxta</span> <span class='ocrx_word' id='word_1_216' title='bbox 480 2076 745 2123; x_wconf 86' lang='lat' dir='ltr'>apographum</span> <span class='ocrx_word' id='word_1_217' title='bbox 772 2076 1041 2111; x_wconf 80' lang='lat' dir='ltr'>Crncicianum</span> <span class='ocrx_word' id='word_1_218' title='bbox 1066 2088 1157 2110; x_wconf 79' lang='lat' dir='ltr'>anni</span> <span class='ocrx_word' id='word_1_219' title='bbox 1182 2076 1282 2110; x_wconf 80' lang='lat'>1892.</span> 
     </span>
    </p>
   </div>
   <div class='ocr_carea' id='block_1_10' title="bbox 989 2226 1487 2278">
    <p class='ocr_par' dir='ltr' id='par_1_10' title="bbox 989 2226 1487 2278">
     <span class='ocr_line' id='line_1_37' title="bbox 989 2226 1487 2278; baseline 0 -10"><span class='ocrx_word' id='word_1_220' title='bbox 989 2229 1086 2269; x_wconf 75' lang='lat'>142.</span> <span class='ocrx_word' id='word_1_221' title='bbox 1119 2228 1246 2278; x_wconf 84' lang='lat'>1650,</span> <span class='ocrx_word' id='word_1_222' title='bbox 1278 2226 1487 2268; x_wconf 75' lang='lat' dir='ltr'>Parentii.</span> 
     </span>
    </p>
   </div>
   <div class='ocr_carea' id='block_1_11' title="bbox 348 2319 2166 2978">
    <p class='ocr_par' dir='ltr' id='par_1_11' title="bbox 348 2319 2166 2774">
     <span class='ocr_line' id='line_1_38' title="bbox 484 2319 2134 2375; baseline 0 -13"><span class='ocrx_word' id='word_1_223' title='bbox 484 2322 530 2362; x_wconf 90' lang='lat' dir='ltr'>In</span> <span class='ocrx_word' id='word_1_224' title='bbox 564 2321 741 2375; x_wconf 77' lang='lat' dir='ltr'>Synodo</span> <span class='ocrx_word' id='word_1_225' title='bbox 776 2321 1036 2361; x_wconf 90' lang='lat' dir='ltr'>dioecesana</span> <span class='ocrx_word' id='word_1_226' title='bbox 1066 2320 1302 2361; x_wconf 87' lang='lat' dir='ltr'>Parentina</span> <span class='ocrx_word' id='word_1_227' title='bbox 1343 2322 1540 2372; x_wconf 90' lang='lat' dir='ltr'>tempore</span> <span class='ocrx_word' id='word_1_228' title='bbox 1583 2319 1777 2372; x_wconf 89' lang='lat' dir='ltr'>episcopi</span> <span class='ocrx_word' id='word_1_229' title='bbox 1808 2319 1987 2361; x_wconf 86' lang='lat' dir='ltr'>Joannis</span> <span class='ocrx_word' id='word_1_230' title='bbox 2019 2321 2134 2374; x_wconf 89' lang='lat' dir='ltr'>Bap-</span> 
     </span>
     <span class='ocr_line' id='line_1_39' title="bbox 348 2388 2164 2446; baseline 0 -15"><span class='ocrx_word' id='word_1_231' title='bbox 348 2391 473 2432; x_wconf 80' lang='lat' dir='ltr'>tistae</span> <span class='ocrx_word' id='word_1_232' title='bbox 517 2391 583 2431; x_wconf 81' lang='lat' dir='ltr'>del</span> <span class='ocrx_word' id='word_1_233' title='bbox 628 2391 808 2432; x_wconf 89' lang='lat' dir='ltr'>Giudice</span> <span class='ocrx_word' id='word_1_234' title='bbox 851 2389 1094 2431; x_wconf 88' lang='lat' dir='ltr'>celebratae</span> <span class='ocrx_word' id='word_1_235' title='bbox 1141 2389 1502 2430; x_wconf 88' lang='lat' dir='ltr'>animadvertitur</span> <span class='ocrx_word' id='word_1_236' title='bbox 1544 2402 1637 2441; x_wconf 89' lang='lat' dir='ltr'>cap.</span> <span class='ocrx_word' id='word_1_237' title='bbox 1679 2388 1712 2438; x_wconf 89' lang='grc' dir='ltr'>Ι,</span> <span class='ocrx_word' id='word_1_238' title='bbox 1758 2388 1878 2441; x_wconf 90' lang='lat' dir='ltr'>quod</span> <span class='ocrx_word' id='word_1_239' title='bbox 1922 2389 2070 2439; x_wconf 92' lang='lat' dir='ltr'>„molti</span> <span class='ocrx_word' id='word_1_240' title='bbox 2114 2403 2164 2446; x_wconf 54' lang='lat' dir='ltr'>e⁴</span> 
     </span>
     <span class='ocr_line' id='line_1_40' title="bbox 350 2457 2166 2518; baseline 0 -18"><span class='ocrx_word' id='word_1_241' title='bbox 350 2460 471 2512; x_wconf 84' lang='lat' dir='ltr'>quasi</span> <span class='ocrx_word' id='word_1_242' title='bbox 502 2460 543 2500; x_wconf 90' lang='lat' dir='ltr'>la</span> <span class='ocrx_word' id='word_1_243' title='bbox 574 2459 768 2511; x_wconf 78' lang='lat' dir='ltr'>maggior</span> <span class='ocrx_word' id='word_1_244' title='bbox 798 2461 922 2511; x_wconf 88' lang='lat' dir='ltr'>parte</span> <span class='ocrx_word' id='word_1_245' title='bbox 954 2458 1052 2499; x_wconf 89' lang='lat' dir='ltr'>delli</span> <span class='ocrx_word' id='word_1_246' title='bbox 1085 2457 1249 2506; x_wconf 87' lang='lat' dir='ltr'>Curati,</span> <span class='ocrx_word' id='word_1_247' title='bbox 1272 2457 1583 2510; x_wconf 89' lang='lat' dir='ltr'>specialmente</span> <span class='ocrx_word' id='word_1_248' title='bbox 1606 2458 1716 2499; x_wconf 91' lang='lat' dir='ltr'>delle</span> <span class='ocrx_word' id='word_1_249' title='bbox 1748 2457 1854 2498; x_wconf 91' lang='lat' dir='ltr'>Ville</span> <span class='ocrx_word' id='word_1_250' title='bbox 1885 2471 1975 2499; x_wconf 92' lang='lat' dir='ltr'>non</span> <span class='ocrx_word' id='word_1_251' title='bbox 1997 2471 2135 2500; x_wconf 83' lang='lat' dir='ltr'>Sanno</span> <span class='ocrx_word' id='word_1_252' title='bbox 2164 2514 2166 2518; x_wconf 52' lang='lat'>.</span> 
     </span>
     <span class='ocr_line' id='line_1_41' title="bbox 349 2525 2134 2580; baseline 0 -12"><span class='ocrx_word' id='word_1_253' title='bbox 349 2541 402 2568; x_wconf 93' lang='lat' dir='ltr'>ne</span> <span class='ocrx_word' id='word_1_254' title='bbox 436 2528 672 2568; x_wconf 90' lang='lat' dir='ltr'>intendono</span> <span class='ocrx_word' id='word_1_255' title='bbox 705 2541 793 2568; x_wconf 90' lang='lat' dir='ltr'>non</span> <span class='ocrx_word' id='word_1_256' title='bbox 824 2540 906 2580; x_wconf 89' lang='lat' dir='ltr'>pur</span> <span class='ocrx_word' id='word_1_257' title='bbox 937 2528 979 2568; x_wconf 90' lang='lat' dir='ltr'>la</span> <span class='ocrx_word' id='word_1_258' title='bbox 1000 2527 1147 2577; x_wconf 88' lang='lat' dir='ltr'>latina,</span> <span class='ocrx_word' id='word_1_259' title='bbox 1180 2540 1251 2568; x_wconf 90' lang='lat' dir='ltr'>ma</span> <span class='ocrx_word' id='word_1_260' title='bbox 1272 2539 1440 2567; x_wconf 89' lang='lat' dir='ltr'>neanco</span> <span class='ocrx_word' id='word_1_261' title='bbox 1472 2527 1513 2568; x_wconf 91' lang='lat' dir='ltr'>la</span> <span class='ocrx_word' id='word_1_262' title='bbox 1543 2526 1693 2579; x_wconf 87' lang='lat' dir='ltr'>volgar</span> <span class='ocrx_word' id='word_1_263' title='bbox 1723 2525 1870 2578; x_wconf 88' lang='lat' dir='ltr'>lingua</span> <span class='ocrx_word' id='word_1_264' title='bbox 1904 2526 2134 2576; x_wconf 86' lang='lat' dir='ltr'>italiana“;</span> 
     </span>
     <span class='ocr_line' id='line_1_42' title="bbox 349 2595 2154 2654; baseline 0.001 -18"><span class='ocrx_word' id='word_1_265' title='bbox 349 2597 429 2637; x_wconf 86' lang='lat' dir='ltr'>hac</span> <span class='ocrx_word' id='word_1_266' title='bbox 463 2597 515 2637; x_wconf 90' lang='lat' dir='ltr'>de</span> <span class='ocrx_word' id='word_1_267' title='bbox 548 2610 678 2637; x_wconf 88' lang='lat' dir='ltr'>causa</span> <span class='ocrx_word' id='word_1_268' title='bbox 710 2597 954 2649; x_wconf 87' lang='lat' dir='ltr'>episcopus,</span> <span class='ocrx_word' id='word_1_269' title='bbox 987 2598 1034 2637; x_wconf 88' lang='lat' dir='ltr'>ut</span> <span class='ocrx_word' id='word_1_270' title='bbox 1065 2596 1204 2637; x_wconf 87' lang='lat' dir='ltr'>versio</span> <span class='ocrx_word' id='word_1_271' title='bbox 1237 2596 1400 2648; x_wconf 83' lang='lat' dir='ltr'>illyrica</span> <span class='ocrx_word' id='word_1_272' title='bbox 1438 2595 1721 2648; x_wconf 82' lang='lat' dir='ltr'>professionis</span> <span class='ocrx_word' id='word_1_273' title='bbox 1751 2595 1852 2636; x_wconf 89' lang='lat' dir='ltr'>fidei</span> <span class='ocrx_word' id='word_1_274' title='bbox 1883 2595 2154 2654; x_wconf 39' lang='lat' dir='ltr'>perficiatur*</span> 
     </span>
     <span class='ocr_line' id='line_1_43' title="bbox 350 2664 2137 2719; baseline 0.001 -14"><span class='ocrx_word' id='word_1_275' title='bbox 350 2668 390 2705; x_wconf 91' lang='lat' dir='ltr'>et</span> <span class='ocrx_word' id='word_1_276' title='bbox 408 2665 621 2705; x_wconf 88' lang='lat' dir='ltr'>interdum</span> <span class='ocrx_word' id='word_1_277' title='bbox 646 2664 902 2706; x_wconf 88' lang='lat' dir='ltr'>Sacerdotes</span> <span class='ocrx_word' id='word_1_278' title='bbox 924 2665 1074 2719; x_wconf 82' lang='lat' dir='ltr'>Illyrici</span> <span class='ocrx_word' id='word_1_279' title='bbox 1096 2678 1175 2718; x_wconf 88' lang='lat' dir='ltr'>per</span> <span class='ocrx_word' id='word_1_280' title='bbox 1197 2665 1478 2718; x_wconf 89' lang='lat' dir='ltr'>interpretem</span> <span class='ocrx_word' id='word_1_281' title='bbox 1500 2664 1818 2717; x_wconf 87' lang='lat' dir='ltr'>professionem</span> <span class='ocrx_word' id='word_1_282' title='bbox 1853 2664 1954 2706; x_wconf 90' lang='lat' dir='ltr'>fidei</span> <span class='ocrx_word' id='word_1_283' title='bbox 1976 2665 2137 2707; x_wconf 88' lang='lat' dir='ltr'>faciant</span> 
     </span>
     <span class='ocr_line' id='line_1_44' title="bbox 350 2734 522 2774; baseline 0 -1"><span class='ocrx_word' id='word_1_284' title='bbox 350 2734 522 2774; x_wconf 88' lang='lat' dir='ltr'>statuit:</span> 
     </span>
    </p>

    <p class='ocr_par' dir='ltr' id='par_1_12' title="bbox 351 2813 2146 2978">
     <span class='ocr_line' id='line_1_45' title="bbox 493 2813 2146 2865; baseline 0.002 -12"><span class='ocrx_word' id='word_1_285' title='bbox 493 2813 623 2865; x_wconf 73' lang='lat' dir='ltr'>„Cap</span> <span class='ocrx_word' id='word_1_286' title='bbox 658 2814 709 2853; x_wconf 60' lang='lat' dir='ltr'>Vl</span> <span class='ocrx_word' id='word_1_287' title='bbox 742 2814 848 2854; x_wconf 85' lang='lat' dir='ltr'>Delli</span> <span class='ocrx_word' id='word_1_288' title='bbox 882 2814 1152 2856; x_wconf 87' lang='lat' dir='ltr'>Sacramenti</span> <span class='ocrx_word' id='word_1_289' title='bbox 1186 2814 1229 2855; x_wconf 88' lang='lat' dir='ltr'>in</span> <span class='ocrx_word' id='word_1_290' title='bbox 1259 2814 1482 2855; x_wconf 88' lang='lat' dir='ltr'>Generale.</span> <span class='ocrx_word' id='word_1_291' title='bbox 1530 2838 1576 2844; x_wconf 90' lang='lat'>—</span> <span class='ocrx_word' id='word_1_292' title='bbox 1611 2814 1709 2855; x_wconf 90' lang='lat' dir='ltr'>Non</span> <span class='ocrx_word' id='word_1_293' title='bbox 1741 2814 1776 2855; x_wconf 90' lang='lat' dir='ltr'>si</span> <span class='ocrx_word' id='word_1_294' title='bbox 1807 2814 1873 2855; x_wconf 91' lang='lat' dir='ltr'>usi</span> <span class='ocrx_word' id='word_1_295' title='bbox 1904 2814 2014 2856; x_wconf 89' lang='lat' dir='ltr'>altra</span> <span class='ocrx_word' id='word_1_296' title='bbox 2044 2827 2146 2856; x_wconf 74' lang='lat' dir='ltr'>ma-v</span> 
     </span>
     <span class='ocr_line' id='line_1_46' title="bbox 352 2870 2133 2913; baseline 0.002 -3"><span class='ocrx_word' id='word_1_297' title='bbox 352 2870 457 2910; x_wconf 80' lang='lat' dir='ltr'>teria</span> <span class='ocrx_word' id='word_1_298' title='bbox 490 2884 542 2910; x_wconf 89' lang='lat' dir='ltr'>ne</span> <span class='ocrx_word' id='word_1_299' title='bbox 575 2871 807 2911; x_wconf 86' lang='lat' dir='ltr'>cerimonie</span> <span class='ocrx_word' id='word_1_300' title='bbox 839 2871 904 2912; x_wconf 90' lang='lat' dir='ltr'>ne’</span> <span class='ocrx_word' id='word_1_301' title='bbox 929 2872 997 2912; x_wconf 86' lang='lat' dir='ltr'>riti</span> <span class='ocrx_word' id='word_1_302' title='bbox 1029 2873 1124 2912; x_wconf 88' lang='lat' dir='ltr'>nell&#39;</span> <span class='ocrx_word' id='word_1_303' title='bbox 1149 2872 1526 2913; x_wconf 89' lang='lat' dir='ltr'>administratione</span> <span class='ocrx_word' id='word_1_304' title='bbox 1549 2872 1614 2912; x_wconf 92' lang='lat' dir='ltr'>dei</span> <span class='ocrx_word' id='word_1_305' title='bbox 1651 2872 1716 2913; x_wconf 83' lang='lat' dir='ltr'>Ss.</span> <span class='ocrx_word' id='word_1_306' title='bbox 1753 2871 2021 2913; x_wconf 89' lang='lat' dir='ltr'>Sacramenti</span> <span class='ocrx_word' id='word_1_307' title='bbox 2054 2872 2133 2913; x_wconf 88' lang='lat' dir='ltr'>che</span> 
     </span>
     <span class='ocr_line' id='line_1_47' title="bbox 351 2928 2134 2978; baseline 0.002 -11"><span class='ocrx_word' id='word_1_308' title='bbox 351 2928 390 2967; x_wconf 86' lang='lat' dir='ltr'>la</span> <span class='ocrx_word' id='word_1_309' title='bbox 421 2931 628 2968; x_wconf 75' lang='lat' dir='ltr'>consucta</span> <span class='ocrx_word' id='word_1_310' title='bbox 661 2941 681 2967; x_wconf 82' lang='lat' dir='ltr'>c</span> <span class='ocrx_word' id='word_1_311' title='bbox 714 2929 918 2969; x_wconf 88' lang='lat' dir='ltr'>descritta</span> <span class='ocrx_word' id='word_1_312' title='bbox 948 2928 1015 2969; x_wconf 90' lang='lat' dir='ltr'>nel</span> <span class='ocrx_word' id='word_1_313' title='bbox 1049 2928 1339 2970; x_wconf 88' lang='lat' dir='ltr'>Cerimoniale</span> <span class='ocrx_word' id='word_1_314' title='bbox 1372 2942 1394 2969; x_wconf 91' lang='lat' dir='ltr'>e</span> <span class='ocrx_word' id='word_1_315' title='bbox 1417 2929 1589 2970; x_wconf 87' lang='lat' dir='ltr'>Rituale</span> <span class='ocrx_word' id='word_1_316' title='bbox 1620 2929 1837 2978; x_wconf 88' lang='lat' dir='ltr'>Romano,</span> <span class='ocrx_word' id='word_1_317' title='bbox 1869 2929 2134 2977; x_wconf 72' lang='lat' dir='ltr'>considerat,</span> 
     </span>
    </p>
   </div>
   <div class='ocr_carea' id='block_1_12' title="bbox 352 2984 2113 3084">
    <p class='ocr_par' dir='ltr' id='par_1_13' title="bbox 352 2984 2113 3084">
     <span class='ocr_line' id='line_1_48' title="bbox 353 2984 2113 3040; baseline 0.002 -16"><span class='ocrx_word' id='word_1_318' title='bbox 353 2988 392 3024; x_wconf 91' lang='lat' dir='ltr'>et</span> <span class='ocrx_word' id='word_1_319' title='bbox 425 2985 609 3024; x_wconf 62' lang='lat' dir='ltr'>arvei-tir</span> <span class='ocrx_word' id='word_1_320' title='bbox 643 2986 776 3025; x_wconf 83' lang='lat' dir='ltr'>molto</span> <span class='ocrx_word' id='word_1_321' title='bbox 808 2986 918 3026; x_wconf 88' lang='lat' dir='ltr'>bene</span> <span class='ocrx_word' id='word_1_322' title='bbox 950 2986 961 3025; x_wconf 94' lang='lat' dir='ltr'>i</span> <span class='ocrx_word' id='word_1_323' title='bbox 1004 2986 1178 3027; x_wconf 84' lang='lat' dir='ltr'>Schiavi</span> <span class='ocrx_word' id='word_1_324' title='bbox 1227 2984 1384 3040; x_wconf 89' lang='lat' dir='ltr'>[Slavi]</span> <span class='ocrx_word' id='word_1_325' title='bbox 1427 2999 1452 3026; x_wconf 91' lang='lat' dir='ltr'>a</span> <span class='ocrx_word' id='word_1_326' title='bbox 1496 2986 1743 3027; x_wconf 89' lang='lat' dir='ltr'>conformar</span> <span class='ocrx_word' id='word_1_327' title='bbox 1784 2987 1827 3026; x_wconf 90' lang='lat' dir='ltr'>in</span> <span class='ocrx_word' id='word_1_328' title='bbox 1859 2989 1973 3027; x_wconf 86' lang='lat' dir='ltr'>tutto</span> <span class='ocrx_word' id='word_1_329' title='bbox 2006 3000 2028 3027; x_wconf 88' lang='lat' dir='ltr'>e</span> <span class='ocrx_word' id='word_1_330' title='bbox 2059 3000 2113 3040; x_wconf 93' lang='lat' dir='ltr'>pe</span> 
     </span>
     <span class='ocr_line' id='line_1_49' title="bbox 352 3041 1448 3084; baseline 0.002 -3"><span class='ocrx_word' id='word_1_331' title='bbox 352 3044 464 3081; x_wconf 82' lang='lat' dir='ltr'>tutto</span> <span class='ocrx_word' id='word_1_332' title='bbox 497 3041 535 3081; x_wconf 87' lang='lat' dir='ltr'>lc</span> <span class='ocrx_word' id='word_1_333' title='bbox 568 3042 659 3083; x_wconf 84' lang='lat' dir='ltr'>loro</span> <span class='ocrx_word' id='word_1_334' title='bbox 694 3042 938 3083; x_wconf 63' lang='lat' dir='ltr'>{ss&#39;eiimonie</span> <span class='ocrx_word' id='word_1_335' title='bbox 971 3043 1035 3084; x_wconf 93' lang='lat' dir='ltr'>col</span> <span class='ocrx_word' id='word_1_336' title='bbox 1069 3044 1170 3084; x_wconf 86' lang='lat' dir='ltr'>Rito</span> <span class='ocrx_word' id='word_1_337' title='bbox 1204 3043 1448 3084; x_wconf 40' lang='lat' dir='ltr'>Romano&amp;</span> 
     </span>
    </p>
   </div>
   <div class='ocr_carea' id='block_1_13' title="bbox 352 3128 2135 3222">
    <p class='ocr_par' dir='ltr' id='par_1_14' title="bbox 352 3128 2135 3222">
     <span class='ocr_line' id='line_1_50' title="bbox 491 3128 2135 3177; baseline 0.002 -12"><span class='ocrx_word' id='word_1_338' title='bbox 491 3132 667 3177; x_wconf 73' lang='lat' dir='ltr'>Synodus</span> <span class='ocrx_word' id='word_1_339' title='bbox 694 3132 854 3166; x_wconf 88' lang='lat' dir='ltr'>Dioece</span> <span class='ocrx_word' id='word_1_340' title='bbox 847 3144 931 3166; x_wconf 86' lang='lat' dir='ltr'>ana</span> <span class='ocrx_word' id='word_1_341' title='bbox 948 3133 1158 3167; x_wconf 82' lang='lat' dir='ltr'>Parentina</span> <span class='ocrx_word' id='word_1_342' title='bbox 1180 3134 1269 3167; x_wconf 87' lang='lat' dir='ltr'>anni</span> <span class='ocrx_word' id='word_1_343' title='bbox 1299 3133 1395 3176; x_wconf 79' lang='lat'>1650,</span> <span class='ocrx_word' id='word_1_344' title='bbox 1434 3133 1607 3167; x_wconf 79' lang='lat' dir='ltr'>Venetiis</span> <span class='ocrx_word' id='word_1_345' title='bbox 1633 3134 1740 3177; x_wconf 81' lang='lat'>1653;</span> <span class='ocrx_word' id='word_1_346' title='bbox 1775 3132 1851 3168; x_wconf 83' lang='lat' dir='ltr'>Ofr.</span> <span class='ocrx_word' id='word_1_347' title='bbox 1876 3134 2054 3177; x_wconf 77' lang='lat' dir='ltr'>Pesante,</span> <span class='ocrx_word' id='word_1_348' title='bbox 2077 3128 2135 3168; x_wconf 36' lang='lat' dir='ltr'>L⁷</span> 
     </span>
     <span class='ocr_line' id='line_1_51' title="bbox 352 3170 854 3222; baseline 0.004 -13"><span class='ocrx_word' id='word_1_349' title='bbox 352 3177 509 3222; x_wconf 83' lang='lat' dir='ltr'>liturgia</span> <span class='ocrx_word' id='word_1_350' title='bbox 517 3170 651 3219; x_wconf 77' lang='lat' dir='ltr'>slava.</span> <span class='ocrx_word' id='word_1_351' title='bbox 681 3177 754 3220; x_wconf 83' lang='lat'>120,</span> <span class='ocrx_word' id='word_1_352' title='bbox 782 3178 854 3211; x_wconf 87' lang='lat'>121.</span> 
     </span>
    </p>
   </div>
  </div>
 </body>
</html>
