2243 3444
395 285 417 332 S
1007 295 1185 330 Fontes
1226 282 1485 340 Liturgiae

774 439 840 477 19.
873 438 994 485 1711,
1027 437 1051 475 1
1079 434 1328 482 Decembris,
1362 432 1713 486 Justinopolitan.

487 542 648 583 Paulus
681 540 855 581 Naldini
889 540 1120 593 episcopus
1159 538 1551 590 Justinopolitanus
1596 538 1640 579 in
1672 538 1882 580 relatione
1913 538 2134 581 Visitatio-

350 612 416 652 nis
449 612 505 652 ad
538 611 705 652 Limina
737 610 1050 661 Apostolorum
1085 609 1126 650 S.
1153 607 1548 660 Congregationem
1573 607 1755 649 Concilii
1787 607 1841 649 de
1872 609 1986 649 statu
2020 608 2142 649 dioe-

350 693 498 721 ceseos
532 680 759 721 certiorem
792 678 994 726 reddens,
1027 677 1177 718 refert:

487 772 621 821 „Cum
664 771 776 812 enim
820 770 1046 811 universus
1092 770 1282 822 populus
1322 769 1516 809 omnium
1563 769 1814 811 dioecesum
1858 767 2011 811 Istriae
2052 782 2141 811 non

345 830 429 870 alia
462 833 607 870 utatur
632 829 791 881 lingua,
818 841 946 881 quam
974 827 1146 868 Illirica:
1172 827 1253 867 nisi
1286 827 1537 868 sacerdotes
1559 827 1602 867 in
1622 827 1840 879 parochos
1867 827 1933 868 vel
1966 827 2141 880 cappel-

347 888 470 928 lanos
502 886 745 927 forensibus
778 885 1052 927 dioecesibus
1085 885 1204 938 (sici)
1229 885 1455 936 designati,
1489 885 1688 926 eamdem
1714 885 1898 926 calleant
1929 885 2136 937 linguam,

347 944 559 986 inhabiles
603 945 658 985 ad
703 944 943 984 animarum
992 955 1140 984 curam
1181 943 1223 982 in
1264 942 1345 982 illis
1385 942 1684 984 exercendam.
1730 942 1828 992 Quo
1860 942 2053 995 primum
2085 943 2141 984 ad

342 1003 456 1043 hanc
489 1003 639 1042 urbem
671 1001 834 1054 appuli,
878 1001 978 1041 huic
1020 1000 1266 1041 necessitati
1311 1012 1539 1041 occurrere
1582 1000 1625 1040 in
1657 1001 1768 1041 votis
1799 999 1951 1046 habui,
1987 1003 2029 1041 et
2062 1000 2142 1042 ali-

345 1061 472 1113 quale
505 1059 756 1100 clericorum
793 1058 1081 1099 Seminarium
1113 1058 1387 1110 potissimum
1422 1071 1502 1110 pro
1535 1057 1684 1110 lingua
1712 1057 1869 1099 Illirica
1906 1057 2139 1099 adiscenda

345 1117 527 1158 fundare
559 1130 609 1158 ac
643 1117 805 1168 erigere
838 1116 1013 1168 sategi.“

478 1218 758 1253 Authenticum
792 1218 830 1251 in
856 1217 1024 1253 Archivo
1064 1218 1098 1252 S.
1138 1217 1276 1264 Congr.
1305 1217 1466 1252 Concilii
1492 1218 1529 1252 in
1563 1217 1769 1253 Tabulario
1795 1217 2003 1262 Vaticano;
2024 1217 2141 1264 juxta

345 1270 571 1311 excerptum
597 1264 865 1299 Crucicianum
891 1265 982 1298 anni
1008 1264 1105 1297 1892.

908 1405 979 1444 20.
1016 1406 1181 1444 1670-
1192 1406 1308 1453 1711,
1343 1403 1562 1444 Parentin.

476 1495 526 1536 In
573 1495 904 1536 Visitationibus
964 1496 1236 1548 generalibus
1283 1495 1516 1537 Canonicis
1570 1495 1822 1537 dioeceseos
1872 1495 2133 1538 Parentinae

340 1567 537 1617 tempore
569 1564 820 1606 Alexandrii
854 1564 1045 1606 Adelasii
1079 1565 1273 1618 episcopi
1305 1565 1559 1606 adiventum
1593 1566 1682 1606 est:

482 1650 786 1700 „Raccottole:
820 1651 883 1692 sia
911 1651 1156 1704 aggiustato
1188 1651 1213 1691 il
1249 1651 1431 1692 messale
1462 1651 1629 1692 illirico.

479 1708 801 1749 Mondelbotte:
836 1709 899 1750 sia
927 1710 1146 1761 provvisto
1180 1722 1237 1749 un
1270 1710 1528 1750 schiavetto.

477 1766 712 1807 Sbandati:
749 1765 880 1807 Siano
914 1767 1189 1808 accomodati
1225 1766 1250 1806 il
1274 1767 1427 1807 rituale
1456 1766 1508 1807 ed
1538 1766 1564 1806 il
1597 1766 1851 1808 schiavetto.

479 1822 687 1864 Caroiba:
723 1823 796 1865 Sia
829 1824 1073 1876 aggiustato
1107 1825 1133 1864 il
1172 1825 1327 1865 messal
1357 1824 1493 1865 latino
1538 1837 1559 1865 e
1591 1824 1705 1877 posti
1736 1824 1764 1864 li
1797 1824 1963 1866 cartoni
1996 1824 2036 1865 al
2067 1824 2126 1866 ri-

342 1880 429 1921 tual
454 1880 618 1921 illirico.

471 1937 669 1979 Novaco:
710 1938 772 1979 sia
805 1939 1049 1990 aggiustato
1073 1939 1100 1979 il
1134 1939 1401 1981 Schiavetto.

475 1995 585 2036 Villa
618 1996 661 2037 di
693 1996 915 2049 Rovigno:
950 1997 1014 2038 sia
1053 1997 1327 2049 provveduto
1370 2010 1428 2037 un
1470 1996 1644 2037 missale
1685 1996 1834 2048 latino,
1876 1996 1940 2038 far
1970 1996 2126 2050 rilegar

340 2052 367 2093 il
399 2053 527 2093 ritual
560 2053 750 2094 schiavo.

477 2111 699 2152 Montreo:
734 2112 796 2152 sia
827 2111 1050 2164 provvisto
1092 2124 1151 2152 un
1193 2112 1375 2153 messale
1406 2111 1542 2153 latino
1576 2114 1618 2152 et
1648 2111 1893 2164 aggiustato
1926 2111 1953 2152 il
1985 2112 2128 2154 schia-

338 2170 469 2208 vetto.

433 2254 435 2257 -
474 2224 514 2266 S.
560 2226 775 2266 Lorenzo:
819 2226 883 2267 sia
923 2226 1147 2279 provvisto
1190 2239 1248 2267 un
1291 2226 1543 2268 Schiavetto
1586 2240 1608 2267 e
1650 2226 1713 2268 sia
1759 2226 1866 2268 fatto
1896 2226 2125 2280 ne'giorni

335 2282 472 2323 festivi
506 2282 547 2323 di
578 2287 772 2334 precetto
806 2284 846 2325 la
876 2284 1135 2336 ripetizione
1166 2284 1210 2324 in
1243 2284 1420 2325 schiavo
1468 2283 1564 2325 dell'
1579 2284 1774 2337 Epistola
1804 2287 1845 2325 et
1876 2282 2122 2337 Evangelio.

473 2340 515 2380 S.
562 2340 821 2382 Domenica:
870 2342 934 2382 sia
981 2342 1088 2382 fatto
1136 2355 1194 2383 un
1236 2342 1390 2383 rituale
1427 2355 1625 2392 romano,
1669 2342 1732 2383 sia
1773 2342 1996 2395 provvisto
2039 2355 2128 2384 uno

343 2397 598 2438 schiavetto.

476 2455 518 2496 S.
552 2455 696 2496 Pietro
730 2455 771 2496 in
806 2455 952 2497 Selve:
987 2457 1050 2498 sia
1081 2457 1370 2498 accomodato
1404 2457 1432 2497 il
1464 2457 1648 2499 messale
1679 2456 1871 2506 schiavo‚
1903 2457 1968 2498 sia
1997 2470 2125 2513 prov-

332 2511 443 2552 visto
473 2525 531 2552 un
567 2512 739 2553 Rituale
771 2513 919 2554 latino.

469 2569 722 2610 Foscolino:
757 2571 819 2611 sia
850 2571 1074 2623 provvisto
1113 2584 1171 2612 un
1203 2571 1385 2612 messale
1417 2585 1617 2621 romano,
1661 2585 1749 2612 uno
1785 2571 2039 2620 schiaxettm
2070 2583 2130 2612 un

334 2625 485 2667 rituale
515 2632 709 2667 romano¹

470 2684 733 2735 Antignana:
784 2685 904 2725 siano
955 2685 1165 2738 provvisti
1208 2686 1292 2727 due
1334 2685 1498 2728 Missali
1538 2687 1723 2735 romani,
1765 2686 1850 2728 due
1891 2684 2128 2727 messaletti

333 2739 389 2781 da
420 2744 575 2784 morto.
608 2754 664 2781 un
697 2742 954 2791 schiavetto,
989 2756 1046 2783 un
1079 2743 1244 2784 rituale.
2155 2747 2157 2750 ⁴

474 2797 518 2838 S.
551 2798 731 2839 Michele
776 2802 891 2839 sotto
934 2802 1070 2841 terra:
1113 2800 1177 2841 sia
1218 2801 1442 2854 provvisto
1474 2814 1533 2841 un
1566 2800 1806 2842 schiavetto
1838 2813 1985 2841 nuovo
2018 2813 2041 2841 e
2070 2813 2130 2841 un

331 2853 506 2894 missale
539 2868 720 2896 romano
760 2869 888 2897 novo.

465 2911 804 2965 Mompaderno:
839 2915 902 2955 sia
934 2915 1156 2966 provvisto
1195 2928 1254 2956 un
1286 2915 1413 2956 ritual
1445 2915 1580 2957 latino
1614 2917 1656 2955 et
1687 2928 1745 2955 un
1776 2914 2034 2956 schiavetto.

385 3026 416 3065 tt
466 2968 774 3022 Monghebbo:
806 2971 870 3012 sia
901 2972 1122 3024 provvisto
1157 2972 1242 3013 due
1276 2973 1433 3023 rituali,
1456 2985 1544 3014 uno
1575 2973 1712 3014 latino
1737 2974 1778 3013 et
1808 2973 1833 3013 l’
1853 2972 1964 3014 altro
1984 2971 2126 3013 schia-

329 3037 378 3064 ve
421 3028 485 3066 o“.

375 3160 380 3165 .
463 3115 653 3161 Excerpta
679 3128 725 3150 ex
750 3117 1052 3153 Visitationibus
1078 3119 1326 3165 generalibus
1354 3119 1560 3155 Canoniois
1595 3119 1766 3165 episcopi
1792 3118 2002 3154 Alexandri
2027 3118 2128 3155 Ades
2156 3139 2159 3145 ·

328 3161 408 3204 asli:
441 3161 619 3205 Pesaute,
646 3162 701 3196 La.
727 3162 879 3208 liturgia
905 3164 1022 3207 slava,
1049 3166 1147 3199 1263.
