2191 3434
683 112 1228 160 Glagolito—Romanae
1255 114 1328 149 XV
1354 127 1383 150 s,
1934 122 1954 154 9

66 277 70 281 ·
109 271 279 313 suoque
311 259 453 312 sigillo
496 272 580 299 una
623 272 722 299 cum
758 261 898 313 sigillo
933 260 1107 312 plebani
1141 268 1182 300 et
1217 262 1396 313 capituli
1429 262 1673 312 Noviensis‚
1706 264 1953 317 glagolitice

107 331 385 372 authenticat.

250 403 410 451 Surmin,
438 412 533 446 Acta
559 413 722 446 croatica
747 413 773 453 Ι,
800 413 1002 458 Zagrabiae
1030 416 1132 453 1894,
1161 417 1227 448 161
1255 425 1304 448 ss,

690 581 754 622 25.
788 581 910 622 1445,
953 568 1170 610 Verbenicz'
1210 570 1379 622 Veglen.

246 663 509 704 Aedificatio
544 664 736 716 capellae
769 664 812 706 S.
846 664 1104 705 Dominicae
1138 667 1178 704 in
1211 677 1316 719 agro
1350 666 1667 709 Verbenicensi
1722 669 1953 723 Veglensis

105 735 366 776 dioeceseos
399 737 679 788 inscriptione
713 736 971 789 glagolitica,
1005 749 1130 776 muro
1165 737 1363 778 eiusdem
1398 739 1763 788 ecclesiae‚cuius
1797 742 1952 782 rudera

104 806 249 846 adhuc
283 808 623 859 conspiciuntur,
657 809 894 848 memoriae
929 808 1278 849 commendatur.

247 880 408 928 Surmin,
436 889 532 922 Acta
558 889 722 923 croatica
747 889 772 923 Ι.
799 889 1003 934 Zagrabiae
1031 892 1133 930 1898,
1162 893 1243 924 157.

385 1049 454 1092 26,
489 1048 613 1099 1456,
646 1058 682 1085 2.
715 1045 913 1100 Augusti,
947 1045 1085 1086 Princ*
1112 1046 1230 1100 apud
1261 1046 1457 1087 Pz'sz'num
1500 1048 1732 1101 Tm-gestz'n.

244 1140 477 1192 Presbyter
508 1142 651 1182 Levac
684 1141 894 1191 Κτίἑειηίό,
927 1143 1163 1182 canonicus
1197 1130 1389 1183 Zminski
1417 1150 1459 1184 et
1479 1143 1781 1198 Tignanensis‚
1801 1157 1951 1189 aucto-

104 1213 225 1252 ritate
259 1213 434 1264 publica
475 1214 678 1261 notarius,
720 1226 867 1253 coram
912 1214 1096 1253 testibus
1140 1221 1182 1254 et
1229 1215 1645 1265 collationatoribUS,
1691 1220 1950 1270 presbytero

101 1283 337 1324 Vincentio
357 1284 573 1324 Brnkovid
595 1285 785 1336 plebano
805 1284 1072 1338 Tignanensi
1093 1287 1261 1325 notario
1283 1287 1474 1338 publico,
1496 1287 1708 1328 Michaele
1729 1289 1951 1333 Markucit':

103 1355 292 1407 plebano
314 1355 577 1405 Beramensi,
596 1363 638 1396 et
658 1355 814 1409 Perojo
837 1355 1047 1397 Glavanic
1068 1357 1295 1408 capellano
1317 1358 1580 1409 Beramensi‚
1611 1361 1947 1403 instrumentum

103 1427 408 1467 confinationis
462 1429 570 1467 inter
610 1435 743 1468 terras
786 1427 1097 1480 patriarchatus
1138 1427 1445 1481 Aquileiensis,
1487 1429 1670 1471 Comitis
1714 1432 1949 1475 Pisinensis

103 1497 362 1539 Communis
394 1499 639 1548 Pisinensis,
671 1501 975 1551 possessiones
1008 1498 1202 1540 Dominii
1236 1500 1435 1541 Venetici
1460 1510 1501 1541 et
1522 1503 1704 1542 aliorum
1734 1505 1948 1546 nobilium

102 1570 394 1620 Istrianorum,
425 1583 540 1610 anno
577 1570 688 1611 1275
733 1571 992 1625 glagoliticis
1043 1571 1364 1612 characteribus
1416 1574 1682 1624 confectum,
1733 1589 1783 1616 ac
1834 1590 1949 1618 anno

106 1640 218 1682 1502
253 1642 567 1694 exemplatum,
598 1642 939 1682 authenticando
973 1645 1285 1683 transsummit.

245 1714 405 1765 Surmin,
434 1724 530 1757 Acta
557 1724 723 1758 croatica
747 1724 773 1764 I,
800 1723 1004 1769 Zagrabiae
1031 1727 1138 1764 1898,
1168 1727 1209 1758 73
1238 1735 1266 1759 s.

516 1892 579 1934 27.
612 1891 737 1934 1447,
772 1891 806 1934 7.
840 1880 1008 1928 Martii,
1047 1881 1279 1923 Crkvenz'ca
1318 1880 1354 1924 C
1357 1883 1571 1924 orbavien.

244 1976 468 2028 Philippus
501 1978 618 2028 prior
650 1978 900 2016 monasterii
933 1976 975 2018 S.
1008 1977 1167 2018 Mariae
1202 1977 1521 2020 Heremitarum
1563 1979 1604 2021 S.
1637 1980 1755 2022 Pauli
1789 1982 1948 2024 Crkve-

102 2049 237 2097 nicae,
287 2049 445 2100 accipit
477 2050 519 2087 in
553 2049 951 2089 confraternitatem
978 2051 1042 2089 sui
1076 2048 1253 2090 Ordinis
1287 2048 1560 2102 Stephanum
1595 2052 1730 2093 filium
1763 2054 1947 2095 Doksini

102 2131 204 2172 erga
237 2119 505 2160 donationen
537 2126 676 2160 terrae
712 2122 752 2160 in
786 2120 981 2174 Zagorje,
1015 2128 1056 2161 et
1078 2134 1209 2173 super
1230 2121 1315 2161 hoc
1337 2124 1676 2165 instrumentum
1699 2125 1946 2178 glagolitice

103 2190 290 2231 conficst.

246 2263 406 2314 Sarmin,
433 2274 530 2308 Acta
556 2274 720 2307 croatica
745 2273 770 2313 Ι,
798 2273 1000 2319 Zagrabiae
1029 2277 1130 2314 1898,
1159 2276 1226 2309 168
1253 2286 1281 2309 S.

332 2430 402 2470 28.
435 2440 557 2484 1447,
589 2418 788 2471 S‘trz'dovo
821 2429 864 2470 z'n
898 2430 1039 2471 insula
1072 2431 1436 2473 Mure-Dravana
1469 2433 1724 2485 Zagabrien.

243 2524 489 2566 Fridericus
543 2539 695 2566 comes
740 2524 911 2567 Celeiae
953 2529 1074 2580 regni
1126 2526 1325 2570 Croatiae
1379 2530 1445 2569 vel
1492 2528 1750 2571 Sclavoniae
1795 2532 1946 2582 banus,

103 2597 334 2637 ecclesiam
368 2583 559 2638 Stridovi
592 2599 633 2637 in
685 2598 961 2652 Zagabriensi
1005 2599 1198 2640 dioecesi
1232 2613 1373 2652 prope
1417 2601 1602 2642 domum
1643 2610 1867 2654 paternam
1903 2604 1944 2644 S

103 2666 361 2720 Hieronymi
392 2668 679 2719 aedificatam,
712 2668 946 2710 Heremitis
980 2669 1023 2711 S.
1057 2671 1173 2711 Pauli
1208 2670 1313 2712 Ord.
1348 2672 1389 2712 S.
1433 2672 1667 2726 Augustini
1713 2674 1943 2728 Glagolitis

104 2739 283 2780 confert.

244 2822 488 2864 Fridericus
522 2838 673 2865 comes
707 2823 878 2866 Celeiae
916 2826 999 2866 »ob
1033 2826 1309 2880 singularem,
1343 2840 1473 2879 quam
1497 2829 1589 2880 ipse
1611 2835 1653 2868 et
1686 2829 1752 2868 alii
1788 2828 1942 2869 Christi

104 2880 257 2922 fideles
307 2885 492 2935 partium
544 2885 710 2924 illarum
761 2885 817 2924 ad
868 2886 908 2925 b.
959 2885 1262 2941 Hieronimum
1314 2909 1371 2914 —
1402 2909 1460 2914 —
1510 2896 1663 2939 gerunt
1697 2888 1942 2927 devotionis

104 2938 322 2990 affectum,
371 2943 588 2983 aedificari
633 2942 882 2997 (eeclesiam
929 2945 970 2983 in
1017 2943 1238 2997 Stridovo)
1286 2947 1326 2985 in
1362 2946 1499 2985 forma
1532 2946 1675 2985 trifolii
1711 2956 1942 2997 curaverat,

104 3012 154 3039 ac
187 3002 450 3053 quibusdam
484 3003 696 3056 religiosis
730 3002 962 3054 Glagolitis
995 3027 1052 3032 --
1080 3002 1140 3032 '—
1173 3005 1452 3044 contulerat«
