2191 3434
529 311 1065 358 Glagolito-Romanae
1113 309 1271 344 XVII.
1322 320 1357 344 s.
1753 308 1795 342 61

568 454 670 493 222.
705 453 1014 500 1673—1687,
1049 450 1303 503 Zayrabiae.

177 545 379 598 Synodus
411 545 673 586 dioecesana
696 546 776 586 sub
802 545 1010 598 episcopo
1034 543 1249 584 Borkovic'
1283 541 1513 592 celebrata,
1547 540 1695 594 quoad
1730 551 1835 581 con-

37 615 327 656 servationem
375 614 502 654 Ritus
546 614 848 667 Zagrabiensis
888 613 1180 666 antiquissimi
1225 612 1441 653 decernit:
1495 610 1724 663 „Synodus
1758 610 1835 650 Er-

38 684 252 738 gheliana‚
286 684 627 725 Draskoviciana
657 687 698 724 et
731 683 1046 725 Vinkoviciana
1061 682 1151 737 (cfr.
1182 681 1232 722 N.
1266 680 1335 730 98,
1372 680 1468 734 119)
1487 692 1537 721 ac
1569 678 1837 732 praecedens

39 753 186 808 (1669)
219 753 538 794 Borkoviciana
571 753 923 801 confirmantur‚“

174 843 330 887 Farlati,
354 843 553 890 Illyricum
579 844 748 887 Sacrum,
786 844 828 887 V,
861 844 944 887 586;
971 841 1045 878 Cfr.
1079 842 1243 878 Tkalcic.
1284 841 1386 876 Stati
1411 839 1642 886 bogosluini
1668 838 1787 873 obred
1815 849 1840 872 u

37 890 179 936 Sbolnoj
208 890 315 925 crkvi
339 890 616 936 Zagrebackoj,
643 890 682 924 in
707 890 952 936 ephemeride
978 889 1176 924 Katoheki
1200 888 1287 923 List
1313 888 1412 925 1895,
1439 887 1482 921 N.
1509 886 1657 921 23—27.

703 1020 811 1061 223.
845 1020 976 1068 1688,
1009 1017 1179 1059 Romae.

175 1112 374 1165 Epistola
405 1112 585 1153 Joannis
618 1112 785 1154 Pastric
818 1112 874 1153 ad
907 1112 1134 1153 Praesules
1181 1110 1437 1158 Dalmatiae,
1471 1109 1545 1162 qui
1580 1109 1837 1161 impressum

38 1182 140 1223 olim
172 1195 288 1223 anno
327 1182 434 1223 1648
468 1183 735 1224 Breviarium
772 1181 1280 1235 Glagolito-Romanum,
1311 1181 1467 1221 iterum
1499 1178 1612 1232 typis
1647 1176 1838 1230 evulgari

35 1254 324 1304 rogaverant:

178 1332 351 1383 „Quum
384 1346 488 1375 vero
523 1334 680 1374 iterum
710 1333 765 1374 ob
800 1333 1018 1374 defectum
1049 1332 1377 1385 exemplarium,
1408 1343 1524 1371 nova
1556 1329 1709 1370 Vestra
1739 1327 1833 1380 pie-

37 1393 104 1431 tas
133 1394 387 1444 exposceret
421 1405 446 1433 a
471 1391 515 1432 S.
552 1390 904 1443 Congregatione
937 1391 991 1432 de
1023 1390 1317 1444 Propaganda
1355 1389 1459 1430 Fide
1492 1386 1839 1440 impressionem,

37 1461 198 1489 novum
233 1449 424 1490 debebat
455 1449 727 1490 Levacovich
754 1448 849 1503 [qui
872 1449 1034 1490 scilicet
1059 1449 1295 1489 editionem
1323 1447 1423 1488 anni
1460 1446 1568 1487 1648
1593 1442 1835 1497 curaverat]

34 1519 264 1548 revocare:
297 1507 350 1548 ab
384 1508 455 1548 illo
491 1507 606 1548 enim
639 1510 838 1560 tempore
874 1507 1003 1548 1648:
1035 1506 1091 1548 ad
1139 1507 1224 1547 hoc
1262 1506 1379 1547 1688.
1413 1502 1513 1545 XXI
1545 1503 1691 1544 officia
1723 1514 1837 1542 nova

37 1564 89 1604 de
121 1564 376 1617 Praecepto,
409 1564 486 1605 XII
518 1566 573 1606 ad
608 1564 797 1606 Libitum
832 1568 1070 1605 creverunt.
1124 1565 1355 1604 Praeterea
1390 1575 1524 1615 quum
1560 1563 1703 1602 essent
1736 1559 1838 1600 olim

35 1621 92 1662 ad
126 1621 328 1671 Libitum,
362 1623 416 1664 de
448 1623 690 1675 Praecepto
725 1636 818 1664 esse
850 1626 1090 1676 coeperunt
1122 1625 1162 1663 et
1191 1634 1328 1662 novas
1351 1621 1578 1673 requirunt
1609 1618 1838 1660 Rubricas.

39 1679 147 1729 Quis
180 1681 293 1721 enim
328 1681 664 1734 Typograpbiae
697 1681 957 1722 correctioni
992 1693 1170 1734 operam
1215 1681 1420 1721 navaret?
1455 1678 1562 1728 Quis
1593 1677 1839 1718 versionem

37 1738 322 1780 meditaretur
374 1740 584 1792 pristinae
638 1741 1011 1780 consentaneam?
1056 1738 1223 1780 Placuit
1266 1737 1444 1778 tandem
1477 1733 1839 1777 Eminentissimis

39 1795 235 1837 Dominis
266 1798 421 1838 vestris
452 1798 740 1850 petitionibus
772 1797 862 1838 fieri
909 1798 1026 1846 satis,
1067 1800 1107 1837 et
1142 1809 1253 1849 opus
1292 1794 1469 1848 aggredi
1521 1794 1842 1847 qualecumque

35 1853 139 1894 illud
172 1857 284 1896 esset
324 1868 404 1908 pro
451 1857 662 1908 temporis
704 1855 970 1903 conditione,
1018 1868 1177 1907 panem
1219 1854 1253 1895 si
1296 1867 1384 1894 non
1426 1852 1628 1900 nitidum,
1662 1850 1837 1904 qualem

37 1924 224 1965 cumque
265 1915 354 1954 tam
403 1913 694 1954 esurientibus
740 1914 951 1966 frangere.
993 1913 1098 1953 Mihi
1131 1913 1244 1954 hanc
1288 1912 1506 1964 Spartam,
1550 1912 1650 1962 post
1690 1909 1839 1960 incep-

35 1972 127 2010 tum
159 1970 214 2011 ab
246 1971 330 2012 31ἰο
371 1984 549 2024 quoque
591 1971 834 2024 Spalatensi
878 1971 1104 2023 ingenioso
1147 1984 1197 2012 ac
1239 1970 1370 2011 docto
1413 1969 1505 2009 viro
1539 1968 1735 2009 laborem
1768 1969 1833 2007 te-

35 2028 219 2070 xendam
265 2029 437 2076 dedere,
481 2030 827 2082 repugnantibus
868 2030 976 2070 meis
1019 2029 1144 2070 curis.
1194 2027 1419 2081 Supposui
1463 2029 1610 2068 tamen
1655 2027 1832 2077 rogatus

35 2085 253 2134 homeros,
286 2100 340 2128 ne
371 2088 546 2140 penitus
581 2101 692 2140 opus
725 2087 1053 2128 collaberetur.“

171 2145 360 2186 Ulterius
394 2158 497 2186 vero
532 2146 754 2187 Karaman
786 2145 1056 2198 linguisticas
1089 2144 1380 2191 difficultates,
1429 2156 1538 2196 quas
1571 2144 1724 2183 nactus
1757 2142 1833 2187 est,

37 2203 236 2254 exponit;
270 2216 319 2244 ac
352 2203 405 2244 de
448 2203 822 2245 Levakovicianae
863 2204 1074 2244 versionis
1117 2203 1217 2244 anni
1265 2202 1384 2243 1618.
1428 2214 1588 2254 magno
1621 2199 1829 2253 praetio.“

172 2294 217 2328 M.
243 2294 450 2332 Karaman,
488 2295 658 2330 Identita
692 2299 763 2330 etc.
796 2307 898 2329 num.
933 2295 1042 2329 XIII.
1080 2294 1295 2330 Archivum
1329 2293 1364 2328 S.
1400 2293 1540 2338 Congr.
1576 2292 1688 2337 Prop.
1716 2290 1831 2334 Fide3

40 2338 116 2387 Cfr.
143 2341 379 2383 Assermani,
405 2341 490 2378 Kal.
519 2341 619 2376 Eccl.
646 2342 719 2377 Un.
746 2342 811 2383 IV,
839 2354 918 2388 cap.
946 2342 1009 2375 LV.
1037 2340 1074 2389 ξ.
1101 2343 1131 2376 1.

706 2472 809 2511 224.
843 2471 973 2519 1658,
1006 2469 1176 2511 Romae.

173 2561 306 2615 Typis
338 2562 382 2602 S.
416 2562 778 2615 Congregationis
827 2563 1145 2616 Propagandae
1190 2562 1325 2611 Fidei,
1368 2575 1502 2615 opera
1534 2560 1713 2613 Josephi
1748 2560 1833 2600 Pa-

37 2630 137 2671 stris:
169 2630 380 2683 Spalatini
427 2631 637 2674 Canonici
683 2627 726 2674 S.
766 2633 1018 2686 Hieronymi
1062 2633 1353 2674 Slavonorum
1399 2632 1452 2672 de
1496 2631 1612 2672 Urbe
1645 2629 1838 2671 secunda

39 2699 169 2740 editio
212 2700 416 2742 Breviarii
461 2701 893 2754 Glagolito-Romani
941 2704 1026 2744 iam
1072 2714 1187 2743 anno
1237 2702 1342 2742 1648
1386 2701 1490 2741 editi
1538 2699 1643 2754 [Cfr.
1677 2699 1726 2739 N.
1761 2698 1835 2752 31]

37 2780 122 2810 una
155 2782 253 2810 cum
286 2771 409 2812 novis
443 2771 727 2813 Orationibus
760 2785 810 2813 ac
843 2772 1124 2813 Lectionibus
1157 2771 1332 2812 additis.

171 2859 318 2905 Ljubie,
345 2861 532 2908 Ogledalo
570 2863 775 2907 knjiffievne
807 2863 976 2908 povjesti
1009 2862 1317 2908 jugoslavenske
1355 2860 1476 2895 Rieka
1517 2860 1615 2894 1861.
1652 2860 1679 2893 Ι.
1715 2859 1780 2900 42;
1809 2858 1836 2892 Ι.

38 2903 179 2949 Βθτὸἰό,
207 2901 370 2943 Citanka
395 2908 596 2943 staroslav.
619 2908 750 2955 jezika
775 2909 878 2954 Prag
905 2909 993 2942 1864
1019 2921 1053 2954 p.
1070 2908 1161 2942 XVI
1188 2912 1225 2942 et
1251 2908 1295 2941 a?
1322 2920 1349 2941 s.

696 3038 797 3077 225.
831 3038 961 3085 1688,
995 3034 1178 3087 Spalczti,

175 3126 519 3170 Constitutiones
563 3129 718 3183 synodi
762 3130 1049 3170 dioecesanae
1097 3127 1366 3181 Spalatensis
1410 3127 1464 3167 ab
1499 3126 1830 3177 archiepiscopo

40 3191 260 3248 Stephano
295 3196 442 3238 Cosmi
476 3198 665 3247 habitae,
699 3198 859 3251 quibus
902 3201 990 3238 tam
1023 3197 1198 3238 decreta
1221 3196 1275 3237 ab
1315 3195 1645 3246 archiepiscopo
1679 3194 1830 3234 St'orza
