2191 3434
560 133 1103 181 Glagolito-Romanae
1130 133 1219 170 XVI
1246 146 1273 170 5.
1774 142 1818 172 43

61 284 187 323 minis
213 284 265 323 13
289 282 389 335 Maji
417 282 527 323 1593
551 281 652 335 (Cfr.
676 282 725 322 N.
753 280 852 334 163)
877 282 932 322 de
965 283 1339 333 raepristinatione
1365 283 1560 335 liturgiae
1577 281 1818 335 Glagolito-

31 367 200 395 >manae
233 355 275 394 in
308 354 493 394 ecclesia
536 354 770 406 parochiali
798 354 1067 394 Fluminensi
1111 360 1261 393 contra
1305 354 1548 393 libertatem
1594 353 1818 394 Ecclesiae

48 438 121 467 um
167 426 356 474 haberet,
397 435 443 465 et
488 432 532 465 ut
577 434 770 465 cassetur
811 427 893 465 sub
936 426 1410 464 excommunicationis
1452 437 1595 476 poena
1640 427 1819 474 iuberet,

45 510 224 537 mmune
264 497 546 538 Fluminense
588 497 838 549 respondet,
888 509 935 536 se
986 503 1137 536 contra
1187 496 1430 536 libertatem
1472 495 1698 536 Ecclesiae
1731 508 1818 535 non

33 570 129 618 isse,
173 568 396 622 finemque
447 571 769 609 controversiae
805 557 1194 620 ‘raepristinatione
1248 568 1444 620 liturgiae
1488 566 1818 620 Glagolito-Ro-

49 652 130 680 nae
163 642 376 692 episcopo
409 653 574 692 ponere
607 640 787 692 placeat.

117 711 362 765 Die'Jouis‚
405 711 463 752 26
504 711 693 765 Augusti
739 710 850 752 1593
892 711 934 749 in
978 709 1081 750 Sala
1114 709 1258 762 Palatij
1295 709 1555 751 Communis
1595 710 1819 759 Fluminis,

117 774 315 809 Officietur
360 774 504 821 Illyrice
560 776 595 808 in
641 775 811 809 Ecclesia
857 773 997 807 Maiori.
1062 768 1342 823 Congregato
1393 768 1587 810 Consilio
1641 771 1819 809 minore.

50 833 213 872 maiore
247 844 369 871 more
402 832 532 871 solito
566 832 621 870 ad
655 843 813 871 sonum
848 842 1099 881 campanae,
1151 830 1223 868 ubi
1257 829 1543 868 interfuerunt
1576 827 1815 881 Consiliarij

38 903 159 931 mero
205 891 273 940 26,
315 898 568 942 computata
610 904 797 942 persona
854 889 1223 929 Excellentissimi
1269 888 1453 928 Domini
1483 888 1642 941 Vicarij
1678 890 1817 928 subsi-

48 951 76 990 ti
108 965 132 990 a
165 949 414 992 Clarissimo
447 950 498 991 D.
530 950 895 990 Locumtenente.
928 949 1080 1001 Ibique
1114 948 1252 988 lectae
1288 948 1460 987 fuerunt
1492 949 1658 988 litterae
1681 948 1820 988 Reve-

54 1010 220 1050 dissimi
237 1009 288 1050 D.
303 1010 512 1062 Episcopi
527 1010 736 1058 Polensis,
752 1009 878 1049 datae
901 1008 1104 1048 Albonae
1129 1008 1287 1047 nudius
1310 1015 1487 1060 quartus
1514 1009 1817 1059 praesentibus

38 1070 119 1110 5515
152 1068 346 1112 Consilio
400 1070 587 1118 directis,
621 1071 780 1121 quibus
815 1068 1067 1108 Dominatio
1124 1066 1212 1108 Sua
1245 1067 1627 1107 Reverendissima
1661 1080 1818 1121 magna

35 1142 76 1168 m
111 1131 169 1168 ira
201 1131 339 1182 arguit
371 1129 482 1169 hanc
517 1128 903 1175 Communitatem‚
947 1129 1069 1180 quod
1114 1134 1263 1166 contra
1312 1127 1558 1166 libertatem
1592 1127 1817 1167 Ecclesiae

56 1190 324 1241 opposuerit,
367 1191 621 1242 cogeritque
656 1189 702 1228 R.
732 1188 784 1228 D.
826 1186 1075 1228 Canonicos
1109 1186 1300 1226 officiare
1334 1188 1375 1225 in
1409 1186 1609 1226 Ecclesia
1656 1188 1818 1226 maiore

37 1260 121 1302 gua
153 1249 334 1300 illyrica;
357 1248 527 1301 illisque
561 1256 728 1287 mature
763 1247 1048 1286 consideratis
1082 1247 1161 1286 fuit
1195 1246 1468 1295 conclusum,
1501 1247 1819 1297 respondeatur

51 1315 96 1348 to
130 1308 513 1348 Reverendissimo
547 1307 598 1347 D.
632 1307 870 1359 Episcopo,
904 1319 984 1346 nos
1018 1313 1167 1346 contra
1201 1306 1443 1346 libertatem
1479 1305 1704 1346 Ecclesiae
1745 1319 1818 1345 ne-

37 1380 195 1420 aquam
229 1380 277 1408 se
311 1369 573 1419 opposuisse
607 1380 688 1407 nec
723 1369 959 1419 quicquam
983 1367 1023 1404 in
1056 1366 1169 1405 illius
1190 1373 1384 1417 spretum
1408 1366 1577 1414 fecisse,
1598 1366 1675 1405 sed
1699 1367 1820 1418 quicr

39 1428 82 1467 id
116 1429 157 1466 in
189 1427 275 1467 hoc
308 1428 422 1467 facto
456 1435 601 1467 actum
637 1427 727 1475 fuit,
759 1428 876 1466 bona
899 1438 1000 1465 cum
1023 1426 1244 1465 voluntate
1266 1425 1344 1464 fuit
1366 1425 1514 1464 officio
1542 1422 1591 1478 (?)
1621 1425 1820 1465 dicantur

51 1487 166 1526 dicta
187 1489 486 1539 responsione.
507 1486 562 1527 Et
583 1494 808 1538 postremo
830 1493 1007 1539 rogetur
1027 1484 1281 1525 Dominatio
1311 1483 1399 1525 Sua
1426 1484 1820 1533 Reverendissima,

38 1547 97 1586 od
130 1547 231 1586 huic
264 1549 586 1586 controversiae
619 1545 751 1586 finem
786 1558 950 1597 ponere
985 1545 1199 1598 dignetur,
1227 1557 1308 1583 nec
1331 1546 1567 1596 quicquam
1590 1546 1821 1584 innovetur

33 1612 127 1646 ntra
158 1608 356 1659 antiquas
389 1606 631 1646 laudabiles
683 1614 724 1645 et
774 1607 828 1645 ab
874 1604 1060 1644 ecclesia
1093 1605 1328 1655 permissas
1362 1604 1718 1651 consuetudines,
1769 1617 1819 1644 ac

27 1665 283 1707 dinationes.

116 1747 320 1782 Archivum
347 1748 580 1782 Historicum
608 1746 898 1782 Communitatis
924 1746 1107 1779 Fluminis
1134 1746 1171 1779 in
1197 1745 1338 1779 Palatio
1368 1745 1593 1789 Municipali.
1620 1745 1708 1779 Mss.
1731 1745 1817 1779 Pro-

41 1794 157 1829 ollum
184 1795 401 1839 Capitanale
428 1795 465 1829 Β.
494 1797 548 1835 15,
577 1796 781 1835 93-1607;
809 1793 834 1828 f.
863 1797 920 1828 10.

383 1944 477 1992 165.
514 1951 632 1992 1593,
666 1942 699 1979 ό
728 1938 1000 1992 Septembris,
1035 1937 1234 1979 Flumine
1266 1938 1413 1979 Palen.

117 2034 366 2079 Commune
387 2036 598 2076 Fluminis
621 2037 733 2076 duos
755 2036 923 2089 legatos
956 2035 1012 2075 ad
1047 2035 1276 2075 Polensem
1301 2037 1560 2088 episcopum
1585 2033 1817 2076 Claudium

41 2120 241 2156 zomeno,
273 2121 352 2160 pro
386 2108 762 2159 raepristinatione
801 2108 997 2160 liturgiae
1044 2106 1514 2160 Glagolito·Romanae
1549 2107 1590 2146 in
1634 2108 1818 2147 ecclesia

33 2178 210 2219 rochiali
243 2178 286 2220 S.
319 2179 478 2219 Mariae
513 2177 614 2232 (Cfr.
648 2179 697 2219 N.
734 2179 813 2219 161
850 2202 906 2207 -
944 2176 1056 2231 164),
1091 2179 1230 2218 mittit.

116 2250 199 2290 Die
233 2250 395 2299 Lunae,
425 2251 454 2292 6
487 2249 761 2302 Septembris
798 2251 923 2300 1593,
956 2252 996 2289 in
1031 2249 1131 2290 Sala
1163 2249 1311 2303 Palatij
1348 2248 1560 2291 Comunis
1593 2250 1818 2290 Fluminis.

117 2312 332 2348 Officiando
357 2313 515 2358 Illyrice.

118 2367 396 2423 Congregato
430 2368 624 2410 Consilio
659 2371 826 2410 minore
859 2376 901 2409 et
922 2371 1086 2409 maiore
1120 2382 1242 2409 more
1275 2370 1417 2419 solito,
1439 2371 1511 2410 ubi
1534 2369 1818 2410 interfuerunt

35 2429 207 2469 usiliarii
250 2441 433 2469 numero
478 2430 546 2476 31,
592 2435 845 2481 computata
897 2442 1084 2481 persona
1129 2429 1499 2469 Excellentissimi
1562 2429 1613 2469 D.
1657 2429 1814 2483 Vicarij

50 2500 78 2528 0
110 2486 344 2530 Clarissimi
396 2488 446 2528 D.
481 2488 841 2529 Locumtenentis
876 2490 1012 2528 modo
1047 2491 1087 2528 in
1129 2488 1246 2528 Arce
1297 2490 1537 2529 existentis.
1589 2489 1742 2541 Ibique
1774 2491 1816 2528 in

39 2549 287 2588 ecutionem
321 2549 488 2588 consilii
522 2549 578 2588 26
610 2547 798 2601 Augusti
833 2550 1024 2600 proximi
1071 2551 1298 2599 praeteriti,
1343 2549 1586 2588 submissae
1632 2550 1818 2600 scriptae

26 2613 150 2647 erunt
181 2607 345 2647 litterae
377 2609 432 2648 ad
467 2608 895 2648 Reverendissimum
931 2608 1203 2660 Episcopum
1228 2608 1370 2656 Polae,
1392 2609 1434 2647 in
1462 2608 1632 2660 illisque
1656 2609 1816 2647 multae

42 2667 164 2707 iones
197 2667 394 2717 aductae,
425 2669 585 2717 quibus
618 2668 862 2707 ostenditur
896 2666 1268 2708 Communitatem
1303 2670 1344 2706 in
1377 2668 1524 2719 aliquo
1565 2680 1652 2707 non
1688 2669 1816 2706 iuisse

36 2732 127 2766 ntra
158 2727 400 2767 libertatem
435 2727 775 2767 ecclesiasticam
809 2726 1000 2767 officiare
1035 2727 1221 2767 faciendi
1258 2728 1298 2766 in
1332 2726 1411 2767 hac
1446 2734 1591 2766 nostra
1619 2727 1816 2766 Ecclesia

39 2791 124 2826 stra
156 2785 347 2826 Materna
380 2786 560 2840 Lingua,
605 2786 682 2826 sed
716 2786 771 2826 ad
814 2787 924 2826 illius
958 2799 1138 2838 praeces
1182 2787 1230 2826 R.
1265 2785 1513 2838 Capitulum
1559 2793 1699 2826 totum
1740 2799 1816 2825 sua

34 2851 148 2895 onte,
181 2852 222 2885 et
255 2846 477 2886 uoluntate
511 2848 565 2886 ita
611 2845 802 2886 officiare
848 2847 1030 2898 cepisse,
1074 2845 1381 2898 humiliterque
1422 2847 1462 2885 in
1497 2846 1624 2886 dictis
1658 2847 1814 2884 nostris

27 2905 126 2944 teris
159 2911 333 2959 rogatur
366 2906 507 2945 dictus
541 2905 946 2946 Reverendissimus
979 2905 1241 2957 Episcopus,
1276 2913 1319 2945 ut
1358 2906 1577 2957 acquiesci
1613 2905 1815 2957 dignetur

54 2963 139 3003 hoc
170 2966 349 3017 negotio
382 2965 676 3017 permittendo
710 2967 771 3005 sic
805 2965 969 3015 illyrice
1004 2965 1195 3005 officiare
1228 2967 1268 3004 in
1305 2964 1419 3004 dicta
1454 2964 1651 3003 Ecclesia
1685 2971 1813 3014 prout

25 3037 34 3060 ›
65 3024 256 3076 antiquo,
289 3030 330 3064 et
363 3037 537 3076 semper
570 3024 808 3065 officiatum
845 3025 939 3074 fuit3
973 3037 1014 3064 et
1047 3026 1081 3064 si
1124 3024 1301 3064 tandem
1348 3024 1546 3063 uideatur
1594 3024 1812 3062 Reueren-
