2191 3434
560 121 1144 169 Glagolito-Romanae
1180 120 1282 158 XIV.
1314 134 1341 157 S.

179 270 338 311 Datum
376 270 509 322 Frage
542 282 655 309 anno
694 268 868 309 Domini
902 269 1136 309 millesimo
1168 270 1492 316 trecentesimo,
1513 270 1879 322 quinquagesimo

38 337 180 378 sexto,
209 342 326 370 nona
357 329 613 378 Indictione,
648 329 735 369 VII.
769 329 860 369 Kal.
895 327 1181 380 Septembris,
1214 340 1448 381 regnorum
1483 336 1732 368 nostrorum
1764 341 1879 368 anno

38 390 337 429 Romanorum
372 389 619 436 vndecimo,
669 388 879 429 Bohernie
913 388 1102 437 decimo,
1155 388 1326 440 Imperii
1373 400 1474 427 vero
1528 387 1739 427 secundo,
1793 386 1879 439 (Ex

38 449 239 502 Registro
272 445 536 501 Slauorum.)

178 528 296 563 Franz
323 528 457 563 Martin
483 527 615 569 Pelzel,
642 529 777 563 Kaiser
802 528 891 562 Karl
919 527 986 562 der
1021 528 1150 562 Vierte
1178 528 1213 562 in
1240 527 1418 569 Bsshrnen,
1445 528 1487 562 11.
1510 527 1631 567 Theil,
1659 527 1753 572 Prag
1776 531 1879 562 1781.

37 576 348 611 Urkundenbuch
374 587 410 620 p.
438 578 518 610 385.
556 576 598 610 Ν.
635 575 864 611 CCCXLIII.
904 575 977 610 Cfr.
1011 575 1251 621 Dobrovsky,
1278 574 1507 611 Geschichte
1536 575 1603 608 der
1629 575 1880 609 bohmischen

38 624 216 667 Sprache,
242 624 337 670 Prag
365 627 466 664 1818,
495 626 539 658 53
569 634 617 658 ss.

510 793 571 820 IO.
608 781 722 833 1358
753 793 784 821 c.
823 778 1046 822 Cenadien.
1081 778 1124 820 in
1156 778 1403 832 Hungarza.

177 875 401 928 Tempore
434 875 649 916 Ludovici
682 876 710 916 Ι.
743 875 994 929 Hungariae
1026 888 1076 915 ac
1110 874 1282 917 Crotiae
1315 876 1440 928 regis,
1475 873 1615 916 Slavis
1662 875 1881 915 districtus

38 947 204 1000 Lipnae
237 948 468 988 comitatus
501 946 767 994 Aradiensis,
800 946 1086 988 cenadiensis
1119 947 1393 996 dioeceseos,
1426 946 1481 987 ad
1516 945 1733 987 Christum
1778 959 1882 987 con-

37 1020 182 1069 versis,
213 1019 465 1059 sacerdotes
500 1018 929 1072 Glagolite-Romani
962 1031 1083 1059 sacra
1115 1018 1380 1071 persolvunt.

179 1114 279 1154 Pars
312 1114 379 1163 ΙΙΙ,
424 1112 567 1166 Caput
609 1113 800 1154 XLVIII.
847 1113 914 1154 De
956 1115 1250 1166 baptizatione
1297 1113 1573 1166 quorundam
1610 1111 1880 1154 Sclavorum.

37 1173 144 1214 Item
179 1172 337 1220 Sclaui,
370 1173 589 1214 districtus
621 1173 679 1214 de
711 1173 850 1226 Lipna
884 1170 1003 1226 (chr.
1035 1172 1232 1213 Budense
1264 1172 1466 1226 Lippna)‚
1517 1173 1651 1213 durae
1702 1174 1881 1213 cervicis

37 1234 242 1286 populus,
256 1233 312 1273 ad
334 1232 469 1273 fidem
491 1240 580 1274 erat
603 1245 844 1273 conuersus
866 1240 907 1273 et
930 1233 1188 1285 baptizatus3
1210 1233 1278 1272 cui
1302 1232 1554 1273 sacerdotes
1576 1231 1800 1281 Catholici,
1815 1245 1882 1272 se-

38 1292 232 1333 cundum
254 1292 580 1333 translationem
615 1294 728 1333 beati
750 1292 1022 1344 Hieronymi,
1052 1292 1246 1332 doctoris
1268 1300 1441 1332 sanctae
1477 1293 1623 1332 matris
1657 1292 1883 1340 ecclesiae,

37 1359 308 1393 sacramenta
340 1353 634 1394 ecclesiastica
667 1353 985 1403 ministrabant;
1018 1352 1097 1392 sed
1131 1364 1263 1400 nunc,
1314 1359 1358 1392 ut
1391 1358 1596 1397 narratur.
1628 1353 1670 1391 in
1711 1359 1884 1404 aposta-

38 1412 158 1460 siam,
191 1418 233 1452 et
265 1413 494 1464 pristinum
529 1425 719 1452 errorem
753 1419 852 1452 sunt
886 1412 1055 1464 relapsi,
1089 1418 1132 1451 et
1166 1412 1304 1451 multo
1338 1411 1512 1464 pejores
1546 1410 1703 1451 effecti.

179 1493 228 1527 M.
254 1493 403 1528 Ioannis
425 1493 473 1526 de
486 1491 680 1535 Thwr6ez,
702 1492 888 1528 Chronica
908 1493 1188 1537 Hungarorum.
1210 1493 1298 1527 Pars
1319 1493 1460 1534 Tertia;
1483 1492 1540 1525 De
1563 1492 1760 1525 Ludovico
1782 1502 1881 1535 rege.

42 1539 327 1581 Schwandtner‚
355 1540 569 1584 Scriptores
596 1551 720 1575 rerum
749 1541 1064 1585 Hungaricarum.
1092 1540 1346 1574 vindobonae
1374 1542 1476 1580 1746,
1504 1551 1539 1583 p.
1569 1542 1648 1574 196.
1675 1539 1784 1583 Opus
1810 1540 1882 1572 hoc

37 1598 137 1622 anno
163 1591 255 1623 1358
281 1589 501 1632 incoeptum
530 1594 598 1629 est,
627 1593 666 1622 ut
694 1588 741 1622 M.
768 1588 858 1622 Belli
885 1587 1071 1622 Praefatio
1098 1588 1118 1622 l.
1148 1598 1178 1622 c.
1206 1587 1287 1622 XII.
1316 1599 1343 1621 S.

750 1758 810 1786 Il.
843 1757 964 1797 1359,
997 1744 1176 1797 Segnae.

179 1851 432 1893 Psalterium
479 1851 789 1906 Glagoliticum
837 1852 1076 1906 Segnense,
1121 1853 1241 1906 quod
1289 1854 1329 1893 in
1363 1852 1634 1893 Bibliotheca
1678 1852 1882 1906 pragensi

39 1923 365 1965 Lobkoviciana
397 1932 649 1974 asservatur,
681 1939 705 1965 a
738 1925 898 1965 clerico
931 1924 1084 1965 Kirino
1118 1922 1335 1978 (Quirino)
1370 1924 1670 1964 conscribitur,

179 2005 206 2040 Ι.
233 2004 371 2046 Bercic',
400 1997 559 2041 Citanka
585 2006 782 2040 staroslov.
808 2006 932 2051 jezika
958 2006 1052 2050 Prag
1080 2008 1182 2045 1864,
1210 2016 1246 2048 p.
1274 2005 1344 2039 XlI
1372 2010 1409 2038 ct
1436 2008 1492 2040 48.

707 2174 770 2203 12.
804 2163 932 2214 1368,
971 2161 1213 2204 Corbaviae.

181 2257 354 2298 Missale
388 2257 700 2312 Glagoliticum
747 2257 983 2311 Nuglense,
1030 2258 1151 2311 quod
1196 2271 1311 2298 anno
1350 2258 1460 2298 1405
1503 2272 1526 2298 a
1560 2259 1722 2298 comite
1755 2258 1882 2299 Petro

41 2328 206 2369 Novaci
238 2328 326 2369 filio
360 2342 440 2381 pro
473 2329 659 2370 ecclesia
707 2328 774 2371 Ss.
806 2329 1001 2370 Helenae
1045 2337 1088 2370 et
1131 2329 1242 2370 Petri
1289 2329 1459 2383 Nuglae
1491 2330 1609 2382 apud
1643 2329 1737 2370 Roc
1771 2329 1883 2381 (Pin-

41 2397 269 2454 guentam)
313 2399 596 2454 Tergestinae
639 2401 902 2441 dioeceseos
946 2403 1208 2453 acquisitum
1255 2408 1332 2449 est,
1376 2414 1491 2440 nunc
1536 2402 1714 2440 veroin
1762 2399 1882 2441 Caes.

41 2469 196 2511 Aulica
227 2471 497 2513 Bibliotheca
529 2472 867 2512 Vindobonensi
918 2471 969 2513 N.
1003 2473 1028 2512 8
1061 2478 1315 2520 asservatur,
1348 2486 1370 2512 a
1405 2474 1567 2511 comite
1601 2470 1882 2512 Corbaviensi

43 2541 225 2583 Novako
258 2542 348 2583 filio
381 2543 505 2593 Petri,
537 2544 683 2596 equite
715 2544 828 2596 regis
861 2543 1252 2597 Hungarocroatici
1287 2543 1499 2583 Lodovici
1522 2543 1562 2592 1.,
1585 2543 1884 2582 conscribitur.

183 2623 209 2658 1.
235 2622 374 2665 Bercic',
420 2615 580 2660 Citanka
623 2624 767 2659 starosl.
805 2625 928 2670 jezika
965 2623 1059 2667 Prag
1095 2627 1196 2661 1864,
1235 2635 1268 2667 p.
1308 2624 1387 2658 XII.
1427 2628 1464 2657 et
1492 2626 1559 2664 49..
1600 2615 1759 2657 Surmin.
1788 2624 1883 2656 Acta

44 2671 206 2705 croatica
231 2671 257 2712 1,
283 2671 486 2716 Zagabriae
513 2674 616 2714 1898,
643 2676 698 2707 84.

556 2841 618 2880 13.
650 2839 766 2881 1371,
797 2827 970 2879 Martio,
1001 2826 1202 2868 Flumine
1233 2828 1375 2869 Rolen.

186 2933 506 2976 Instrumenum
528 2937 721 2985 notarile,
754 2936 876 2988 quod
910 2937 1100 2976 notarius
1124 2935 1415 2976 Fluminensis
1439 2934 1621 2974 Ioannes
1654 2933 1881 2973 Franchini

51 3018 132 3045 »ex
166 3005 358 3058 quodam
401 3014 544 3048 vetere
579 3019 739 3061 magno
773 3008 883 3048 libro
918 3008 1083 3059 illyrico
1130 3008 1451 3059 manuscripto«
1499 3005 1681 3058 Capituli
1725 3004 1881 3044 Flumi-
