2243 3444
368 154 389 186 8
1045 149 1229 183 Fontes
1272 146 1510 190 liturgiae

370 295 417 326 ris
461 293 683 328 certissima:
724 292 905 336 quidquid
941 291 998 329 sit,
1036 291 1083 323 de
1110 290 1310 323 neotericis
1351 288 1586 332 quibusdam,
1626 288 1689 331 qui
1728 287 1870 330 patriae
1907 298 2035 322 amore
2073 288 2198 329 ducti‚.

367 341 448 374 sine
492 340 567 374 ullo
606 340 846 378 documento,
886 339 959 371 imo
999 343 1128 371 contra
1166 341 1294 379 aperta
1332 337 1558 378 scriptorum
1598 335 1699 368 omni
1739 335 1966 377 exceptione
2004 336 2188 377 majorum

366 388 591 427 testimonia,
618 387 799 426 dictitant,
826 390 863 419 et
889 384 1075 419 Slavicum
1113 393 1326 417 sermonem
1353 382 1534 416 Dalmatis
1559 381 1766 426 Illyriisque
1804 382 2046 426 congenitum
2074 382 2189 416 fuisse

367 440 404 468 et
430 445 450 468 a
476 434 513 469 S.
542 434 773 470 Hieronvmo
800 432 990 466 Ecclesiae
1026 431 1193 464 Doctore
1227 430 1359 464 Sacras
1396 429 1607 472 Scripturas
1645 427 1809 462 Slavice
1828 438 2039 464 conversas.
2074 429 2189 474 Quod

367 486 492 516 autem
518 473 855 514 ducentis'cz'rciter
879 482 912 512 el
936 480 1206 522 quinquaginta
1230 479 1315 520 post
1343 474 1502 509 ¹§alonae
1528 476 1707 508 excidium
1732 478 1846 508 annis
1883 476 2036 510 ultimus
2082 475 2114 508 T
2109 475 2189 510 lteo-

368 530 481 561 dorus
507 538 527 562 a
561 528 727 562 Librario
758 524 1002 559 Salom'lanus
1029 524 1330 567 Arclziepiscopns
1358 523 1480 556 dictus
1506 523 1563 562 sit,
1591 523 1730 555 nemini
1769 522 1903 556 mirum
1939 533 2023 557 esse
2062 523 2188 558 debet.

369 576 445 609 Etsi
473 576 570 608 enim
597 574 773 608 translata
799 583 819 606 a
839 573 982 617 Joanne
1009 571 1306 613 Archiepiscopo
1334 571 1430 603 circa
1457 580 1594 603 annum
1609 571 1676 603 690
1706 567 1900 613 Spalatum
1925 570 2036 611 Sede,
2055 569 2188 614 Spala-

368 626 487 655 tenses
513 622 623 667 vulgo
651 620 826 665 appellari
841 619 1037 654 Antistites
1059 622 1283 661 coeperunt;
1311 628 1385 651 non
1413 622 1537 650 tamen
1565 616 1868 650 Salonitanorum
1902 627 2041 652 nornen
2066 618 2188 656 desiit,

367 670 533 712 quinimo
560 670 595 702 in
629 667 828 702 Pontificiis
854 666 980 706 literis,
1018 666 1231 710 quingentis
1268 669 1355 708 post
1393 665 1557 698 excisam
1595 663 1769 698 Salonam
1808 665 1921 699 anuit.
1963 662 2188 698 salonitana

366 716 533 749 Ecclesia
559 719 593 748 el
620 714 835 748 Salonitani
859 712 1130 756 Arelaepzscopz·
1152 716 1345 752 vocantur,
1381 721 1457 744 non
1498 709 1748 754 Spalalenses.
1787 712 1842 745 Ita
1875 712 2118 746 Innocentius
2155 711 2188 746 11

365 763 474 806 Papa,
500 763 562 807 qui
589 762 634 795 ab
661 772 758 796 anno
785 763 874 795 1130
901 770 1020 803 usque
1047 759 1093 793 ad
1120 769 1257 793 annum
1285 761 1386 792 1143.
1427 758 1620 792 Ecclesiae
1658 756 1830 801 praefuit,
1867 769 1982 802 quum
2020 759 2069 792 de
2103 759 2188 803 jure

366 811 570 853 debitoque
596 808 811 843 Salonitano
849 818 915 841 seu
950 806 1159 850 Spalatensi
1205 806 1466 848 Metropolitae
1493 805 1678 849 obsequio
1705 804 1844 849 aliquid
1871 805 2068 840 detrahere
2091 805 2189 840 velle

366 857 581 890 viderentur
606 856 783 899 Episcopi
821 854 1028 894 Dalmatici‚
1064 854 1110 887 ad
1147 853 1331 888 Gaudium
1377 853 1696 895 Archiepiscopus
1735 852 1858 886 literas
1897 850 2013 893 dedit,
2052 853 2188 898 quibus

366 904 447 948 ejus
472 903 732 937 auctoritatem
759 906 895 936 sartam
921 906 1059 934 tectam
1095 900 1141 934 ab
1176 901 1277 934 omni
1317 900 1545 933 detrimento
1583 910 1650 932 seu
1689 899 1936 933 diminutione
1973 900 2187 934 conservari

362 951 479 996 jubet,
506 950 541 983 in
567 951 658 984 haec
680 948 728 994 (a)
744 949 871 983 verba:
895 948 1158 982 >Innocentius
1172 946 1311 981 Servus
1324 946 1526 981 Servorum
1554 946 1636 987 Dei,
1662 945 1810 981 Gaudio
1824 947 2036 980 Venerabili
2057 947 2187 987 Fratri,

367 998 603 1031 ›Salonitano
630 997 937 1039 Archiepiscopo,
965 995 1122 1029 salutem
1139 999 1176 1028 et
1197 994 1454 1038 Apostolicam
1474 994 1793 1028 benedictionem.
1815 993 1932 1028 Sicuti
1952 995 1990 1028 B.
2017 993 2186 1040 Gregorii
2207 1035 2218 1039 ⁴

366 1049 543 1078 >testatur
569 1044 781 1084 auctoritas,
808 1047 846 1077 et
870 1047 945 1076 tam
973 1047 1154 1080 veterum,
1181 1052 1292 1085 quam
1319 1042 1588 1074 modernorum
1615 1045 1807 1086 gestorum
1843 1046 2089 1075 monumenta
2122 1041 2187 1075 de-⁴

365 1092 535 1131 ›clarant,
568 1091 793 1125 examinatio
828 1094 866 1123 et
891 1089 1126 1123 consecratio
1153 1088 1356 1122 Salonitani
1383 1088 1667 1131 Archiepiscopi
1695 1098 1743 1121 ex
1763 1089 1917 1132 antiqua
1953 1088 2188 1122 institutione

365 1138 433 1172 ›ad
460 1139 669 1172 Romanum
698 1137 914 1172 Pontificem
940 1137 1152 1179 specialiter
1177 1140 1335 1179 spectat.
1375 1135 1430 1168 El
1467 1135 1585 1178 infra.
1625 1135 1702 1169 Nos
1738 1136 1788 1169 ita
1825 1135 2034 1177 statuimus,
2071 1140 2113 1169 ut
2149 1137 2186 1169 in

365 1185 570 1219 »Dalmatia
595 1185 695 1218 nullo
721 1185 792 1219 alio
819 1185 853 1217 in
881 1183 966 1217 loco
993 1183 1179 1228 Synodus,
1206 1188 1355 1226 praeter
1381 1193 1493 1227 quam
1520 1183 1556 1215 in
1583 1187 1706 1216 vestra
1733 1182 2022 1226 Metropolitana
2057 1182 2188 1217 Eccle-

368 1234 442 1266 »sia
469 1232 688 1271 celebretur,
711 1236 748 1266 et
773 1231 914 1265 ibidem
941 1241 1074 1265 omnes
1100 1230 1328 1273 Suffraganei
1357 1229 1548 1272 praefatae
1574 1229 1767 1263 Ecclesiae
1804 1230 2044 1264 Salonitanae
2081 1240 2187 1264 more

370 1279 501 1313 »solito
529 1283 830 1313 consecrentur«.
856 1278 959 1312 Idem
994 1277 1187 1311 confirmat
1222 1277 1442 1320 Tirpimirus
1469 1277 1522 1322 (b)
1563 1278 1624 1320 qui
1651 1277 1902 1320 Principatum
1937 1277 2037 1320 apud
2073 1277 2187 1312 Chro-

361 1327 470 1360 batos
496 1336 593 1360 anno
628 1326 711 1360 Chr.
750 1329 816 1360 838
855 1325 1060 1365 obtinebat,
1099 1325 1134 1358 in
1174 1335 1220 1358 eo
1260 1324 1475 1368 diplomate,
1517 1334 1594 1368 quo
1634 1324 1819 1368 quidquid
1858 1324 2092 1358 Decessores
2129 1325 2187 1358 sui

363 1373 549 1407 Ecclesiae
578 1371 830 1413 Salonz'tanae,
856 1377 945 1406 tunc
973 1372 1193 1416 Spalatensi,
1220 1371 1321 1416 large
1348 1371 1588 1416 munificique
1615 1372 1860 1412 donaverant,
1888 1371 1926 1404 id
1952 1382 2064 1405 omne
2099 1382 2187 1405 con-

362 1420 480 1454 firmat
506 1426 543 1454 et
569 1420 605 1454 in
630 1424 855 1463 perpetuum
874 1425 995 1454 ratum
1022 1430 1105 1453 esse
1130 1419 1248 1463 jubet,
1275 1429 1317 1452 ac
1345 1420 1451 1452 novis
1470 1419 1623 1462 insuper
1642 1418 1833 1452 beneficiis
1871 1423 1909 1452 et
1929 1418 2185 1464 largitionibus

362 1468 535 1507 cumulat,
562 1473 674 1511 atque
701 1468 877 1512 adauget:
907 1467 997 1500 »Per
1023 1467 1233 1512 paginulam
1262 1467 1411 1510 (inquit)
1440 1466 1705 1510 privilegialem
1743 1465 1905 1500 Sanctae
1943 1465 2183 1501 Salonitanae

363 1514 575 1550 »Ecclesiae
619 1515 742 1548 dietae
780 1514 1020 1557 mancipitata
1055 1515 1089 1547 in
1127 1518 1321 1547 aeternum
1360 1518 1620 1556 permaneant;
1660 1523 1703 1547 ac
1742 1513 1879 1547 deinde
1918 1518 1958 1547 ut
1995 1514 2032 1547 in
2070 1512 2183 1548 fatam

365 1566 539 1596 »matrem
569 1561 785 1602 Ecclesiam,
813 1571 909 1605 quae
936 1560 1155 1604 Metropolis
1182 1571 1302 1605 usque
1329 1561 1375 1594 ad
1401 1561 1519 1603 ripam
1547 1560 1718 1600 Danubii,
1746 1565 1783 1594 et
1821 1564 1920 1603 pene
1957 1571 2025 1604 per
2061 1565 2185 1594 totum

364 1609 556 1654 »Regnum
595 1609 824 1642 Chroafiae«.
860 1608 1033 1652 Denique
1059 1608 1196 1642 Seculo
1224 1613 1403 1652 vergente
1430 1608 1483 1651 (b)
1511 1607 1740 1642 duodecimo
1766 1607 1982 1641 Alexander
2006 1608 2055 1642 III
2087 1608 2188 1651 Papa

364 1666 478 1699 quum
516 1666 601 1689 suas
628 1656 787 1698 primum
815 1655 861 1689 ad
888 1655 1106 1693 Gerardum,
1147 1655 1312 1699 denique
1357 1655 1403 1689 ad
1431 1655 1657 1700 Raynerium
1693 1655 1817 1688 literas
1856 1655 1972 1691 daret,
2008 1659 2186 1699 utrasque

364 1703 549 1746 inscripsit
575 1704 725 1746 quidem
759 1701 935 1743 Gerardo,
962 1702 1020 1736 vel
1048 1701 1232 1745 Rari-neria
1264 1700 1482 1745 §palatensz'
1506 1701 1794 1746 Archz'epzlrcopo,
1822 1701 2050 1746 Apostolscae
2078 1700 2186 1736 Sedis

362 1749 514 1793 Legatos
541 1755 577 1784 at
603 1761 669 1793 per
696 1751 794 1784 idem
820 1755 970 1793 tempus
997 1750 1173 1783 eumdem
1194 1750 1420 1794 Raynerium
1441 1748 1643 1793 Gregorius
1659 1748 1923 1782 Antz'barensz's
1946 1748 2186 1793 illetropolz‘ta

363 1797 397 1829 in
424 1797 498 1830 suis
525 1797 570 1830 ad
598 1807 682 1830 eum
710 1797 835 1837 literis,
878 1795 1136 1830 Salom'lanum
1165 1796 1479 1840 Arclzz'episcopam
1526 1800 1562 1830 et
1601 1794 1707 1830 Sedis
1747 1795 1974 1839 Apostolicae
2010 1796 2186 1839 Legatum

361 1843 534 1886 appellat.
561 1844 684 1888 Quum
712 1854 802 1888 ergo
829 1848 867 1878 et
893 1844 1135 1877 Theodorum
1163 1844 1332 1877 ultimum
1359 1843 1617 1878 Salonitanum
1644 1843 1983 1886 Archiepiscopum
2021 1844 2090 1877 sub
2123 1844 2184 1888 Jo:

362 1890 446 1924 VIII
473 1890 570 1933 Papa
596 1895 803 1931 teneamus,
831 1896 868 1924 et
893 1891 1152 1925 translatarum
1178 1892 1253 1935 jam
1281 1901 1348 1934 per
1374 1890 1439 1925 SS.
1468 1890 1645 1936 Cyrillum
1672 1901 1713 1925 ac
1760 1891 1994 1924 Methodium
2033 1891 2069 1924 in
2107 1890 2186 1926 Sla-

362 1938 478 1970 vicam
505 1937 667 1980 linguam
695 1938 969 1981 Scripturarum
997 1938 1208 1972 consentiat
1234 1944 1401 1981 tempus;
1442 1938 1541 1972 nulla
1577 1942 1752 1981 superest
1792 1937 1986 1972 cavillandi
2013 1939 2108 1972 ratio
2144 1944 2186 1972 ut

362 1984 576 2018 Psalterium
603 1985 691 2018 illud
718 1985 952 2028 temporibus
978 1986 1109 2028 prioris
1135 1985 1326 2019 Theodori
1353 1986 1650 2029 Archiepiscopi.
1676 1986 1745 2018 sub
1772 1995 1848 2029 quo
1883 1984 2020 2019 Salona
2055 1995 2186 2020 eversa

362 2036 429 2071 est,
461 2042 482 2065 a
520 2032 673 2066 Nicolao
712 2033 870 2066 Arbensi
905 2032 1050 2066 Clerico
1087 2037 1279 2066 exaratum
1320 2033 1504 2074 dicamus;
1540 2033 1737 2077 multoque
1762 2032 1896 2074 minus,
1935 2037 1975 2066 ut
2001 2032 2184 2066 Slavicam

361 2079 530 2122 ejusdem
558 2079 722 2112 Psalterii
748 2080 961 2113 versionem
987 2079 1034 2113 ad
1061 2079 1096 2113 S.
1125 2079 1398 2124 Hieronymum
1425 2080 1642 2114 referamus.
1669 2082 1796 2123 Atque
1821 2080 1880 2113 hic
1907 2079 2021 2113 verba
2046 2080 2185 2113 doctis-

362 2125 443 2158 simi
470 2125 507 2159 P.
534 2126 700 2159 Anselmi
727 2127 910 2166 Bandurii,
938 2137 958 2160 a
985 2137 1045 2159 me
1071 2127 1155 2160 alibi
1194 2132 1383 2170 usurpata.
1422 2132 1597 2170 repetere
1631 2127 1753 2171 juvat:
1791 2127 1854 2171 qui
1892 2127 2062 2171 quamvis
2099 2127 2185 2161 Dal-

362 2177 462 2206 mata
497 2174 555 2212 sit‚
583 2183 650 2216 pro
677 2174 842 2208 veritatis
868 2178 994 2207 tamen
1021 2174 1157 2213 studio,
1184 2174 1581 2208 Animadversionibus
1608 2175 1644 2208 in
1670 2173 1731 2208 lib.
1757 2173 1993 2209 Constantini
2019 2174 2185 2219 Porphy-

361 2229 489 2263 rogen.
519 2219 565 2252 de
592 2219 700 2253 Adm.
730 2221 821 2264 Imp.
849 2221 935 2254 edit.
962 2221 1055 2266 Reg.
1081 2231 1163 2265 pag.
1195 2225 1259 2254 117
1289 2221 1336 2255 de
1362 2221 1507 2256 Slavica
1533 2222 1807 2264 Scripturarum
1846 2221 2020 2255 versione
2057 2222 2185 2266 ingue-

361 2276 433 2299 nue
459 2267 511 2299 sic
537 2267 678 2300 scribit:
708 2267 828 2311 »Quid
854 2277 943 2301 vero
974 2268 1055 2311 ipse
1090 2268 1137 2301 de
1175 2267 1210 2302 S.
1252 2269 1471 2314 Hieronymi
1509 2268 1722 2312 Alphabeto
1761 2273 1799 2302 et
1836 2269 2009 2302 versione
2047 2268 2184 2302 Sacrae

364 2311 608 2355 ›Scripturae,
636 2314 680 2346 ab
708 2315 799 2357 ipso,
828 2319 867 2348 ut
893 2315 1014 2359 ajunt,
1034 2316 1069 2348 in
1091 2315 1326 2349 Slavonicam
1348 2316 1512 2361 linguam
1528 2315 1637 2357 facta,
1658 2316 1827 2355 sentiam,
1847 2315 2006 2349 libenter
2027 2314 2183 2349 fatebor.

362 2359 516 2393 ›Nullibi
544 2361 580 2393 in
606 2361 782 2403 operibus
807 2361 891 2395 Divi
919 2363 1134 2407 Hieronymi
1163 2373 1210 2395 ne
1236 2363 1391 2406 quidem
1419 2364 1618 2408 vestigium
1644 2363 1756 2406 riperi
1771 2362 1920 2407 linguae
1945 2362 2182 2397 Slavonicac:

363 2416 494 2450 »quarn
521 2408 673 2450 quidem
699 2408 728 2441 si
755 2408 952 2448 calluisset,
979 2410 1015 2442 in
1051 2409 1294 2452 explanandis
1321 2410 1533 2454 Scripturis,
1560 2415 1600 2444 et
1642 2409 1780 2453 pluries
1823 2420 1935 2453 quam
1979 2410 2028 2443 de
2065 2409 2184 2444 nomi-

362 2453 490 2486 »nibus
517 2454 723 2497 Hebraicis,
753 2465 796 2489 ca
822 2455 952 2498 procul
979 2456 1095 2493 dubio
1122 2467 1210 2490 usus
1238 2462 1348 2491 esset.
1377 2458 1448 2490 Ubi
1475 2468 1565 2491 vero
1596 2457 1714 2491 Divus
1741 2457 1996 2502 Hieronymus
2022 2457 2183 2500 patrium

361 2511 593 2533 »sermonem
620 2502 793 2544 appellat,
821 2507 883 2536 aut
909 2507 1119 2537 nostrarum
1145 2503 1326 2548 linguam3
1354 2505 1390 2538 id
1417 2504 1464 2538 de
1480 2505 1625 2550 Lingua
1641 2504 1783 2545 Latlna,
1798 2514 1896 2548 quae
1909 2507 1999 2538 tunc
2020 2514 2089 2547 per
2104 2505 2183 2537 uni-

361 2557 530 2581 ›versum
556 2548 766 2582 Romanum
792 2548 933 2584 Orbem
960 2556 1019 2593 (ac
1037 2553 1256 2593 praesertim
1283 2555 1349 2589 per
1373 2550 1601 2585 Dalmatiam
1627 2554 1662 2584 et
1687 2550 1888 2595 Illyricum)
1914 2551 1951 2584 in
1978 2561 2049 2585 usu
2087 2555 2178 2592 erat,

362 2593 643 2638 intelligendum
670 2605 765 2636 esse,
792 2607 904 2630 nemo
932 2598 1100 2631 eruditus
1127 2598 1307 2642 ignorat«.
2095 2625 2098 2629 ›

499 2641 658 2675 Rectum
685 2642 799 2676 fuisse
826 2644 1001 2677 indicium
1022 2645 1228 2683 Assemani,
1257 2645 1475 2679 Psalterium
1502 2645 1689 2679 Slavicum
1718 2645 1917 2688 »impensis
1939 2648 1977 2678 et
2002 2645 2182 2679 mandato

356 2687 545 2722 Theodori
572 2688 688 2722 ultimi
715 2689 917 2724 Salonitani
943 2690 1153 2725 Pontificis‹
1181 2691 1228 2725 ad
1255 2692 1439 2735 epocham
1466 2694 1653 2727 885—890
1679 2702 1812 2735 reapse
1847 2692 2038 2736 pertinere
2076 2696 2182 2735 patet

357 2744 405 2768 ex
432 2740 601 2768 recenter
627 2735 786 2769 detectis
820 2737 990 2780 epistolis
1025 2749 1144 2781 papae
1182 2739 1362 2782 Stephani
1400 2740 1433 2773 V
1472 2740 1578 2773 annis
1615 2742 1801 2774 886—888
1839 2739 1886 2773 ad
1921 2738 2181 2774 Theodosium
2235 2769 2238 2771 ,

357 2791 564 2815 nonensem
591 2782 809 2826 episcopum
845 2785 891 2818 ad
930 2784 1425 2829 Salonitano-Spalatensem
1453 2786 1651 2820 ecclesiam
1690 2791 1779 2820 tuuc
1817 2785 2036 2820 translatum
2075 2785 2180 2831 (Jaffe

358 2826 444 2871 Reg.
472 2827 570 2862 Rom.
597 2827 704 2863 Pont.
733 2829 776 2862 N
781 2833 882 2871 3416,
904 2832 1009 2875 3448)
1027 2832 1132 2866 datis.
1160 2833 1252 2867 Nam
1268 2833 1536 2868 ›Theodorus‹
1555 2832 2024 2877 Salonitano-Spalatensis
2040 2833 2181 2867 archie-
2239 2854 2242 2859 -

499 2910 533 2953 a)
560 2911 672 2953 Apud
700 2912 832 2947 Farlat.
857 2913 965 2947 Tom.
992 2914 1016 2947 I.
1044 2914 1160 2959 llyrici
1187 2915 1290 2949 Sacri
1318 2926 1403 2959 pag.
1431 2918 1511 2951 309.

497 2958 535 3001 b)
562 2958 664 2991 Idem
692 2959 824 2994 Farlat.
846 2970 929 3005 pag.
951 2963 1030 2995 308.

497 3004 531 3050 a)
559 3005 661 3038 Idem
688 3005 820 3040 Farlat.
848 3018 930 3052 pag.
958 3011 1035 3042 310.
