2191 3434
516 286 1053 341 Glagolito-Romanae
1102 286 1284 327 XVIII.
1335 303 1369 327 s.
1770 288 1790 327 5

746 437 786 479 8.
817 435 945 485 1705,
979 432 1150 487 Seynae.

182 528 390 570 Formula
420 528 818 582 iuramenti,quam
831 527 1067 569 canonicus
1100 526 1361 568 cathedralis
1394 525 1629 579 Segnensis
1661 526 1704 566 in
1744 529 1843 568 actu

45 598 353 640 installationis
385 598 568 639 recitare
600 598 782 639 solebat.

188 679 304 731 „Ego
336 678 389 719 N.
420 678 470 719 N.
502 678 715 730 spondeo,
750 691 890 719 voveo
910 691 960 719 ac
977 677 1078 731 juro
1114 701 1163 706 —
1188 701 1235 705 —-
1272 676 1549 729 eundemque
1581 675 1625 716 in
1655 689 1845 728 persona

47 737 366 779 administrabo
414 737 736 785 canonicatum,
785 736 1086 788 glagolismum
1133 735 1246 776 intra
1288 737 1496 775 semestre
1538 734 1594 774 ad
1627 747 1847 775 summum

44 795 250 843 adiscam,
285 808 383 836 cum
417 794 766 847 frequentatione
800 794 934 842 chori,
968 794 1098 835 etiam
1132 793 1280 846 quoad
1325 792 1516 834 officium
1550 791 1638 832 sive
1671 792 1847 833 Brevia-

46 853 157 894 rium
208 851 376 906 Illyrico
433 865 636 893 sermone
678 852 796 893 horis
838 852 1040 893 matutini
1084 854 1124 891 et
1167 850 1496 904 pomeridianis,
1543 850 1635 904 ejus
1676 850 1778 904 jura
1811 852 1852 891 et

45 911 268 952 libertates
313 923 394 963 pro
442 911 606 951 viribus
644 909 877 951 defendam
913 933 1035 939 ——
1079 909 1152 950 Sic
1193 922 1262 950 me
1305 909 1422 950 Deus
1462 908 1641 963 adJ'uvet
1673 908 1854 950 ethaeo

46 972 198 1010 sancta
230 969 308 1009 Dei
342 968 603 1021 evangelia.“

183 1059 463 1094 Authenticum
489 1059 527 1094 in
553 1059 722 1094 Archlvo
750 1058 963 1105 Capitulari
990 1058 1193 1105 Segnensi,

547 1180 586 1218 9.
618 1179 749 1225 1706,
783 1179 811 1217 3
843 1176 1102 1225 Novembris,
1138 1175 1357 1217 Parentin.

184 1271 434 1313 Alexander
456 1270 689 1312 Adelasius
713 1270 945 1323 episcopus
967 1269 1229 1310 Parentinus
1265 1268 1309 1309 in
1328 1267 1586 1309 Visitatione
1608 1267 1665 1308 ad
1682 1266 1853 1310 Limina

47 1341 372 1395 Apostolorum
405 1340 447 1382 S.
474 1339 869 1393 Congregationem
905 1338 1088 1380 Concilii
1111 1339 1165 1379 de
1187 1340 1303 1379 statu
1337 1338 1591 1379 dioeceseos
1624 1336 1853 1378 certiorem

46 1411 248 1460 reddens,
280 1410 411 1451 refert
433 1423 440 1450 ι

49 1551 76 1592 b
163 1490 262 1591 t„ln
295 1491 514 1544 aliquibus
547 1490 749 1532 Ecclesiis
778 1490 1109 1531 Parochialibus
1125 1488 1284 1531 Illirico
1310 1489 1521 1530 idiomate
1553 1488 1709 1530 Divina
1740 1488 1853 1530 cele-

81 1563 160 1592 ran
183 1553 271 1592 ur.“

185 1640 467 1675 Anthenticum
499 1640 539 1674 in
572 1639 742 1675 Archivo
777 1640 813 1675 S.
840 1640 976 1686 Congr.
1012 1638 1174 1674 Concilii
1198 1639 1238 1673 in
1263 1637 1470 1674 Tabulario
1503 1638 1703 1683 Vaticano,
1739 1637 1855 1684 juxta

56 1692 282 1734 excerptum
309 1687 576 1722 Crncicianum
602 1687 692 1721 anni
722 1686 818 1721 1892.

730 1806 798 1845 10.
839 1806 970 1855 1706,
1002 1802 1173 1845 Romae.

190 1885 323 1940 Typis
369 1886 411 1927 S.
446 1884 809 1938 Congregationis
856 1885 1175 1938 Propagandae
1220 1883 1342 1925 Fidei
1388 1883 1561 1926 Missale
1619 1884 1859 1937 Glagolito-

48 1957 300 1999 Romanum
350 1968 485 2009 opera
530 1955 710 1996 Joannis
758 1955 925 1996 Pastric'
971 1954 1209 2007 Spalatrini
1256 1952 1464 1996 Canonici
1512 1954 1554 1995 S.
1604 1953 1857 2009 Hieronymi

51 2026 343 2068 Slavonorum
377 2025 431 2066 de
462 2025 594 2075 Urbe,
631 2025 716 2066 iam
750 2025 876 2067 annis
909 2025 1013 2066 1631
1051 2027 1092 2066 et
1126 2024 1234 2066 1648
1269 2024 1448 2073 editum,
1482 2037 1569 2066 una
1601 2037 1701 2066 cum
1734 2024 1860 2066 novis

50 2095 192 2137 Missis
225 2095 387 2137 additis
418 2094 694 2147 imprimitur.

187 2186 336 2232 Ljubici,
375 2186 563 2232 Ogledalo
589 2186 794 2232 knjiievne
819 2186 989 2231 povjesti
1012 2184 1329 2232 jugoslavenske,
1368 2184 1491 2221 Rieka
1516 2185 1617 2228 1864,
1642 2185 1671 2228 I,
1721 2185 1784 2230 42;
1832 2185 1861 2220 Ι.

24 2257 26 2260 -
51 2233 196 2277 Βθτόἰό,
223 2228 389 2269 Citanka
413 2232 617 2268 staroslov.
640 2233 781 2278 jezika,
807 2232 910 2278 Prag
936 2233 1026 2266 1864
1050 2245 1084 2278 p.
1111 2232 1206 2266 XVI
1232 2236 1271 2266 et.
1295 2232 1341 2266 88
1353 2243 1381 2267 s.

571 2352 632 2391 11.
665 2351 884 2400 1704-6,
916 2349 1055 2391 Jaska
1087 2348 1343 2403 Zayrabien.

193 2443 399 2486 Nicolaus
432 2443 660 2492 Lackovic,
703 2456 867 2484 annum
901 2443 953 2484 78
986 2456 1133 2495 agens,
1178 2442 1394 2495 glagolita,
1426 2441 1772 2494 praebendarius
1805 2441 1848 2483 S.

55 2512 242 2566 Spiritus
273 2513 428 2554 Jaskae
461 2512 764 2565 Zagrabiensis
797 2512 1074 2561 dioeceseos;
1108 2525 1225 2553 anno
1263 2512 1368 2554 1707
1403 2511 1646 2553 defunctus.

190 2597 372 2633 Visitatio
399 2609 478 2632 can.
505 2597 793 2642 Zagrabiensis;
820 2596 884 2632 cfr.
901 2597 1068 2640 Tkalcic,
1096 2597 1310 2633 Slavensko
1336 2597 1565 2643 bogosluije
1584 2608 1609 2630 u
1627 2596 1855 2641 Hrvatskoj,

55 2644 280 2691 Zagrabiae‚
308 2644 407 2686 1904,
432 2644 488 2678 87.

739 2764 806 2803 12.
841 2764 971 2811 1707,
1002 2760 1170 2803 Romae.

195 2844 328 2898 Typis
361 2844 404 2886 S.
440 2843 799 2896 Congregationis
831 2843 962 2896 Prop.
988 2843 1105 2884 Fidei
1152 2845 1330 2884 curante
1363 2842 1530 2883 Joanne
1563 2840 1726 2882 Pastric'
1751 2840 1862 2893 Spa-

57 2911 215 2954 latrino
249 2913 460 2954 canonico
493 2913 535 2954 S.
571 2913 825 2966 Hieronymi
870 2912 1164 2954 Slavonorum
1193 2911 1247 2952 de
1269 2911 1385 2952 Urbe
1418 2910 1591 2951 Missale
1625 2909 1863 2961 Glagolito-

60 2980 310 3024 Romanum
342 2982 656 3025 Defunctorum
703 2995 754 3023 ex
801 2981 994 3023 editione
1035 2981 1137 3023 anni
1193 2980 1495 3034 praecedentis
1544 2978 1638 3034 [cfr.
1688 2979 1735 3019 N.
1790 2977 1860 3032 10]

61 3051 383 3105 reimprimitur.
1552 3046 1556 3051 “

196 3141 342 3187 Ljubid,
382 3142 568 3188 Ogledalo
594 3142 799 3194 knj-iievne
825 3141 990 3188 povjosti
1014 3140 1330 3185 jugoslavonske.
1375 3139 1493 3173 Rieka
1521 3139 1618 3179 1551,
1659 3137 1684 3173 Ι,
1723 3138 1791 3181 43,
1833 3136 1860 3170 Ι.

0 3188 2 3239 ὲ
62 3185 207 3232 Beroio,
226 3179 399 3225 'Citanka
425 3189 629 3226 staroslov.
653 3189 792 3234 Jezika,
819 3189 921 3233 Prag
949 3189 1037 3221 1864
1062 3199 1094 3232 p.
1123 3187 1215 3220 xvi
1242 3191 1280 3220 ot
1305 3186 1383 3220 85³0.
