2243 3444
406 307 451 341 66
1011 309 1195 343 Fontes
1243 307 1503 352 Liturgia'e

800 449 903 488 232.
936 449 1065 497 1697,
1098 449 1152 488 12
1193 446 1319 499 Maji,
1359 445 1512 498 Oyulz'n
1544 445 1712 499 sequen.

499 527 708 580 Georgius
755 528 809 568 de
865 528 1011 569 Lucka
1056 527 1269 580 plebanus
1331 526 1608 579 Ogulinensis
1657 528 1902 580 exemplum
1951 527 2156 569 Catastici

363 595 690 641 Modruscensis
724 595 965 648 glagolitice
999 595 1050 637 192
1093 595 1253 648 Aprilis
1289 596 1397 636 1486
1430 595 1628 644 confecti,
1668 608 1814 637 coram
1848 595 2008 638 iudicio
2042 595 2156 649 Ogu-

362 664 518 706 linensi
549 665 830 706 authenticat.

501 748 665 798 Surmin,
691 756 790 790 Acta
815 755 983 790 croatica
1007 755 1035 799 I,
1061 754 1276 800 Zagrabiae
1302 754 1402 797 1898,
1427 755 1504 789 311.

815 884 919 924 233.
952 884 1081 933 1699,
1113 884 1174 924 23
1211 881 1399 924 Octobris
1423 882 1703 943 ι«Ῑαείὶποροῖί.

503 975 664 1016 Paulus
697 975 869 1017 Naldini
902 976 1134 1028 episcopus
1165 975 1560 1028 Justinopolitanus
1583 975 1626 1016 in
1649 975 1859 1017 relatione
1888 975 2160 1018 Visitationis
2230 951 2243 1008 Α,

366 1045 421 1086 ad
453 1044 622 1087 Limina
653 1045 967 1098 Apostolorum
1002 1044 1042 1087 S.
1077 1043 1213 1097 Cong.
1250 1044 1432 1086 Concilii
1480 1045 1533 1085 de
1567 1047 1682 1086 statu
1715 1045 1969 1086 dioeceseos
2001 1045 2159 1087 certio·
2232 1096 2240 1108 Ἰ.

365 1125 455 1155 rem
488 1113 690 1164 reddens,
721 1113 870 1155 refert:

505 1205 727 1256 „Plebium
760 1219 862 1256 vero
896 1206 1134 1247 forensium
1165 1206 1345 1255 incolae,
1370 1209 1523 1259 utpote
1556 1220 1707 1248 omnes
1741 1219 1898 1259 genere
1931 1205 2059 1257 Slavi,
2083 1219 2158 1248 seu

365 1263 628 1313 Sclauonici‚
661 1277 749 1304 non
785 1264 913 1305 aliam
944 1264 1150 1316 linguam,
1184 1277 1315 1317 quam
1339 1263 1645 1306 Sclauonicam
1668 1267 1744 1305 aut
1766 1264 1964 1306 Illiricam
2004 1264 2161 1305 callent

365 1333 414 1362 ac
445 1321 694 1374 loquuntur.
729 1346 783 1351 —
814 1322 963 1363 Altera
993 1322 1178 1376 hujusce
1210 1321 1417 1363 ecclesiae
1448 1322 1698 1374 indigentia,
1743 1322 1786 1362 ni
1819 1321 1972 1375 major,
2005 1322 2158 1364 saltem

365 1391 454 1419 non
486 1379 628 1420 minor
675 1381 760 1419 est:
808 1379 989 1432 parochi
1033 1379 1241 1420 ruralium
1281 1379 1473 1431 plebium
1518 1383 1722 1420 tenentur
1766 1380 1921 1421 callere
1966 1380 2160 1432 linguam

367 1435 684 1486 Sclauonicam,
717 1449 849 1489 quam
881 1437 1082 1478 universo
1116 1437 1280 1490 populo
1328 1436 1489 1479 forensi
1521 1437 1778 1479 familiarem
1811 1440 1853 1479 et
1883 1437 2160 1490 congenitam

367 1506 499 1534 innul.
533 1517 658 1523 ——

503 1551 556 1592 Et
587 1550 764 1604 quidem
795 1563 884 1592 non
917 1552 1048 1593 semel
1090 1552 1326 1593 necessitas
1369 1552 1510 1604 coegit
1555 1551 1747 1605 aliquem
1779 1551 2042 1604 Regularem
2072 1550 2162 1593 Illi·
2218 1564 2235 1594 ,ὲ

375 1608 509 1649 ricam
541 1609 732 1661 linguam
765 1608 991 1650 callentem
1023 1609 1082 1650 illi
1111 1610 1367 1662 (parochiae
1402 1610 1591 1663 vacanti)
1625 1610 1884 1662 praeficere,
1918 1612 1960 1651 et
1991 1610 2164 1651 interim

367 1666 631 1707 saecularem
672 1666 943 1708 sacerdotem
985 1667 1164 1708 fortuito
1209 1668 1527 1716 advenientem,
1569 1668 1636 1708 vel
1668 1668 1833 1718 litteris,
1865 1667 1932 1708 vel
1964 1666 2162 1708 moribus
2233 1698 2234 1713 ,

365 1725 414 1764 ut
442 1723 677 1777 plurimum
713 1724 968 1779 destitutum
999 1725 1229 1778 suspirare.
1268 1723 1425 1777 Ingens
1457 1725 1541 1766 hoc
1574 1725 1735 1766 malum
1767 1738 1856 1766 non
1887 1727 2038 1778 posset
2069 1737 2161 1766 me·
2232 1748 2233 1751 =

367 1780 448 1879 ligs
480 1781 685 1880 repagari,
728 1794 860 1834 quarn
902 1783 1120 1824 erectione
1164 1783 1370 1824 clericalis
1414 1782 1645 1825 Seminarii
1691 1796 1771 1835 pro
1813 1782 1961 1835 lingua
2002 1781 2161 1824 Illirica

369 1842 395 1879 a
430 1839 577 1880 discen
612 1841 677 1881 a.“

442 1969 446 1972 ⁴
507 1929 787 1964 Authenticum
811 1930 851 1964 in
886 1930 1056 1965 Archivo
1092 1930 1126 1965 S.
1162 1931 1303 1977 Congr.
1330 1930 1493 1966 Concilii
1518 1930 1559 1965 in
1591 1929 1797 1966 Tabulario
1822 1930 2028 1975 Vaticano;
2050 1930 2168 1976 juxta

372 1975 638 2022 apographum
663 1976 929 2011 Ornoicianum
954 1977 1045 2012 anni
1071 1977 1171 2012 1892.

887 2105 990 2146 234.
1025 2105 1153 2155 1689,
1185 2105 1238 2145 15
1269 2103 1399 2153 Maii,
1433 2103 1652 2146 Ant'ibari.

510 2197 709 2239 Andreas
742 2194 959 2253 Zmajevic
991 2197 1224 2250 episcopus
1256 2196 1558 2239 Antibarensis
1591 2199 1632 2238 et
1664 2196 1945 2238 Diocletanus
1977 2209 2029 2238 ac
2061 2195 2162 2237 Ser-

373 2265 467 2306 viae
491 2266 652 2318 primas
675 2267 718 2307 in
742 2267 925 2320 epistola
947 2267 1003 2308 ad
1026 2266 1232 2308 abbatem
1250 2266 1502 2308 Pastritium
1526 2266 1629 2308 data
1646 2266 1700 2307 de
1718 2266 1865 2319 lingua
1885 2265 2165 2318 Glagolitica:

516 2358 704 2411 „Lingua
734 2357 901 2414 Illyrica
942 2359 1125 2400 Missalis
1168 2361 1209 2400 et
1241 2359 1448 2401 Breviarii
1490 2359 1692 2408 Romani,
1741 2361 1788 2399 ut
1820 2361 1862 2400 et
1894 2361 2165 2400 caeterorum

368 2414 775 2457 vEcclesiasticorum
808 2417 1039 2458 Librorum
1080 2416 1272 2458 nationis
1314 2416 1505 2470 Illyricae
1549 2416 1701 2458 Graeci
1736 2416 1874 2466 Ritus,
1908 2416 2022 2457 sicut
2053 2415 2166 2457 anti-

377 2472 522 2524 quitus
554 2473 646 2521 fuit,
679 2475 810 2515 modo
845 2487 933 2515 non
966 2479 1028 2516 est
1051 2475 1247 2526 Vulgaris
1279 2475 1398 2527 apud
1421 2474 1657 2525 Dalmatas,
1681 2474 1873 2523 Servios,
1906 2473 2166 2524 Bosnenses,

377 2529 601 2583 Bulgaros,
635 2531 706 2583 qui
740 2544 891 2572 omnes
925 2545 1019 2573 eam
1052 2532 1282 2573 Literalem
1314 2532 1574 2585 appellant.“

512 2620 625 2665 Apud
650 2620 698 2654 M.
736 2621 942 2666 Karaman,
980 2622 1151 2657 Identita
1188 2625 1259 2656 etc.
1300 2621 1402 2656 Diss.
1441 2621 1617 2665 LXXIV,
1650 2621 1721 2657 ΜΞ.
1757 2622 1796 2656 in
1829 2621 2000 2657 Arohjvo
2027 2621 2166 2667 Congr.

369 2664 540 2719 VPropag.
567 2666 692 2711 Fidei;
720 2665 795 2702 Cfr.
823 2668 1028 2703 Assemam'
1053 2668 1137 2702 Kal.
1165 2668 1236 2703 Un.
1262 2667 1363 2702 Eccl.
1389 2667 1452 2703 IV.
1481 2679 1559 2714 cap.
1586 2667 1649 2702 IV.
1677 2667 1711 2716 ξ.
1741 2669 1769 2703 1.

849 2797 950 2837 235.
986 2798 1117 2847 1689,
1148 2798 1208 2838 29
1241 2781 1370 2847 Maii,
1402 2795 1677 2849 Justinopoli.

515 2885 757 2938 Episcopus
798 2887 1190 2941 Justinopolitanus
1231 2889 1299 2929 Fr.
1342 2888 1502 2930 Paulus
1548 2887 1736 2938 Naldini,
1780 2888 1956 2929 Ordinis
2002 2882 2042 2930 S.
2075 2888 2168 2929 Au-

380 2955 538 3006 gustini
570 2955 804 2996 Paduanus
835 2957 988 3009 patria,
1032 2958 1258 2998 consilium
1299 2969 1426 2998 suum
1459 2957 1512 2997 de
1554 2956 1759 3009 erigendo
1793 2957 2038 2998 Seminario
2070 2956 2165 2998 dio-

381 3035 536 3064 cesano
571 3023 911 3073 „ltalo—Sclavo“
949 3026 1151 3067 Dominio
1186 3026 1393 3067 Venetico
1426 3025 1584 3077 aperit:

520 3115 830 3165 „Serenissimo
863 3118 1076 3171 Principe.
1110 3119 1139 3159 Il
1172 3118 1417 3159 Seminario
1450 3118 1504 3159 de
1536 3117 1722 3159 Chierici
1746 3118 1789 3159 di
1821 3131 1991 3160 somma
2022 3117 2208 3171 utilite*

381 3172 463 3213 alla
504 3173 673 3215 Diocesi
721 3176 742 3215 c
790 3175 1033 3216 oltremodo
1076 3176 1322 3217 necessario
1365 3188 1391 3217 a
1434 3175 1577 3228 quella
1617 3176 1661 3217 di
1703 3175 1826 3229 Capo
1869 3175 2050 3218 d'Istria
2079 3187 2170 3217 non
