<?xml version="1.0" encoding="UTF-8"?>
<!DOCTYPE html PUBLIC "-//W3C//DTD XHTML 1.0 Transitional//EN"
    "http://www.w3.org/TR/xhtml1/DTD/xhtml1-transitional.dtd">
<html xmlns="http://www.w3.org/1999/xhtml" xml:lang="en" lang="en">
 <head>
  <title>
</title>
<meta http-equiv="Content-Type" content="text/html;charset=utf-8" />
  <meta name='ocr-system' content='tesseract 3.04.00' />
  <meta name='ocr-capabilities' content='ocr_page ocr_carea ocr_par ocr_line ocrx_word'/>
</head>
<body>
  <div class='ocr_page' id='page_1' title='image "./fonteshistoricil00jeliuoft_0042.png"; bbox 0 0 2243 3444; ppageno 0'>
   <div class='ocr_carea' id='block_1_1' title="bbox 407 170 1555 215">
    <p class='ocr_par' dir='ltr' id='par_1_1' title="bbox 407 170 1555 215">
     <span class='ocr_line' id='line_1_1' title="bbox 407 170 1555 215; baseline -0.007 -5"><span class='ocrx_word' id='word_1_1' title='bbox 407 181 447 210; x_wconf 82' lang='grc'>14</span> <span class='ocrx_word' id='word_1_2' title='bbox 1104 170 1555 215; x_wconf 80' lang='lat' dir='ltr'>Fontesliturgiac</span> 
     </span>
    </p>
   </div>
   <div class='ocr_carea' id='block_1_2' title="bbox 405 231 1451 242">
    <p class='ocr_par' dir='ltr' id='par_1_2' title="bbox 405 231 1451 242">
     <span class='ocr_line' id='line_1_2' title="bbox 405 231 1451 242; baseline 0 0"><span class='ocrx_word' id='word_1_3' title='bbox 405 231 1451 242; x_wconf 95' lang='lat' dir='ltr'> </span> 
     </span>
    </p>
   </div>
   <div class='ocr_carea' id='block_1_3' title="bbox 819 311 1791 370">
    <p class='ocr_par' dir='ltr' id='par_1_3' title="bbox 819 311 1791 370">
     <span class='ocr_line' id='line_1_3' title="bbox 819 311 1791 370; baseline -0.004 -15"><span class='ocrx_word' id='word_1_4' title='bbox 819 330 891 370; x_wconf 53' lang='lat'>34.</span> <span class='ocrx_word' id='word_1_5' title='bbox 925 316 998 356; x_wconf 77' lang='grc' dir='ltr'>Χ]</span> <span class='ocrx_word' id='word_1_6' title='bbox 1008 316 1046 356; x_wconf 99' lang='lat' dir='ltr'><em>V</em></span> <span class='ocrx_word' id='word_1_7' title='bbox 1069 329 1112 361; x_wconf 84' lang='lat' dir='ltr'>s.,</span> <span class='ocrx_word' id='word_1_8' title='bbox 1145 314 1263 367; x_wconf 81' lang='lat' dir='ltr'>apud</span> <span class='ocrx_word' id='word_1_9' title='bbox 1292 313 1446 354; x_wconf 73' lang='lat' dir='ltr'>slavos</span> <span class='ocrx_word' id='word_1_10' title='bbox 1477 311 1791 356; x_wconf 75' lang='lat' dir='ltr'>Merzdionales.</span> 
     </span>
    </p>
   </div>
   <div class='ocr_carea' id='block_1_4' title="bbox 405 394 2231 590">
    <p class='ocr_par' dir='ltr' id='par_1_4' title="bbox 405 394 2231 590">
     <span class='ocr_line' id='line_1_4' title="bbox 544 394 2231 452; baseline -0.004 -10"><span class='ocrx_word' id='word_1_11' title='bbox 544 403 800 442; x_wconf 84' lang='lat' dir='ltr'>Breviarium</span> <span class='ocrx_word' id='word_1_12' title='bbox 836 399 1142 452; x_wconf 80' lang='lat' dir='ltr'>Glagoliticum</span> <span class='ocrx_word' id='word_1_13' title='bbox 1177 398 1413 437; x_wconf 81' lang='lat' dir='ltr'>Parisiense</span> <span class='ocrx_word' id='word_1_14' title='bbox 1446 408 1530 435; x_wconf 83' lang='lat' dir='ltr'>una</span> <span class='ocrx_word' id='word_1_15' title='bbox 1575 408 1675 435; x_wconf 88' lang='lat' dir='ltr'>curn</span> <span class='ocrx_word' id='word_1_16' title='bbox 1717 394 1878 435; x_wconf 86' lang='lat' dir='ltr'>Missali</span> <span class='ocrx_word' id='word_1_17' title='bbox 1910 401 2137 436; x_wconf 86' lang='lat' dir='ltr'>retractato</span> <span class='ocrx_word' id='word_1_18' title='bbox 2187 402 2231 436; x_wconf 87' lang='lat' dir='ltr'>et</span> 
     </span>
     <span class='ocr_line' id='line_1_5' title="bbox 406 464 2230 524; baseline -0.003 -11"><span class='ocrx_word' id='word_1_19' title='bbox 406 474 571 521; x_wconf 78' lang='lat' dir='ltr'>Rituali‚</span> <span class='ocrx_word' id='word_1_20' title='bbox 604 473 722 524; x_wconf 79' lang='lat' dir='ltr'>quod</span> <span class='ocrx_word' id='word_1_21' title='bbox 756 474 797 510; x_wconf 89' lang='lat' dir='ltr'>in</span> <span class='ocrx_word' id='word_1_22' title='bbox 831 470 1097 510; x_wconf 79' lang='lat' dir='ltr'>Bibliotheca</span> <span class='ocrx_word' id='word_1_23' title='bbox 1130 468 1344 508; x_wconf 84' lang='lat' dir='ltr'>Nationali</span> <span class='ocrx_word' id='word_1_24' title='bbox 1377 467 1602 506; x_wconf 85' lang='lat' dir='ltr'>Parisiensi</span> <span class='ocrx_word' id='word_1_25' title='bbox 1647 468 1755 505; x_wconf 82' lang='lat' dir='ltr'>inter</span> <span class='ocrx_word' id='word_1_26' title='bbox 1804 465 1904 506; x_wconf 84' lang='lat' dir='ltr'>Mss.</span> <span class='ocrx_word' id='word_1_27' title='bbox 1940 464 2110 507; x_wconf 83' lang='lat' dir='ltr'>Slavica</span> <span class='ocrx_word' id='word_1_28' title='bbox 2147 467 2230 508; x_wconf 84' lang='lat' dir='ltr'>sub</span> 
     </span>
     <span class='ocr_line' id='line_1_6' title="bbox 405 537 1950 590; baseline -0.005 -6"><span class='ocrx_word' id='word_1_29' title='bbox 405 545 453 583; x_wconf 91' lang='lat' dir='ltr'>N.</span> <span class='ocrx_word' id='word_1_30' title='bbox 480 546 523 583; x_wconf 87' lang='grc'>11</span> <span class='ocrx_word' id='word_1_31' title='bbox 562 550 808 590; x_wconf 83' lang='lat' dir='ltr'>asservatur,</span> <span class='ocrx_word' id='word_1_32' title='bbox 840 543 881 580; x_wconf 90' lang='lat' dir='ltr'>in</span> <span class='ocrx_word' id='word_1_33' title='bbox 913 541 1033 579; x_wconf 89' lang='lat' dir='ltr'>terris</span> <span class='ocrx_word' id='word_1_34' title='bbox 1065 538 1244 579; x_wconf 86' lang='lat' dir='ltr'>Slavicis</span> <span class='ocrx_word' id='word_1_35' title='bbox 1276 537 1632 578; x_wconf 82' lang='lat' dir='ltr'>Meridionalibus</span> <span class='ocrx_word' id='word_1_36' title='bbox 1664 537 1950 577; x_wconf 85' lang='lat' dir='ltr'><strong>conscribitur</strong></span> 
     </span>
    </p>
   </div>
   <div class='ocr_carea' id='block_1_5' title="bbox 406 616 2230 714">
    <p class='ocr_par' dir='ltr' id='par_1_5' title="bbox 406 616 2230 714">
     <span class='ocr_line' id='line_1_7' title="bbox 546 616 2230 662; baseline -0.002 -6"><span class='ocrx_word' id='word_1_37' title='bbox 546 623 729 662; x_wconf 78' lang='lat' dir='ltr'>Martinos,</span> <span class='ocrx_word' id='word_1_38' title='bbox 758 622 832 656; x_wconf 79' lang='lat' dir='ltr'>Les</span> <span class='ocrx_word' id='word_1_39' title='bbox 860 621 1081 653; x_wconf 80' lang='lat' dir='ltr'>manuscrits</span> <span class='ocrx_word' id='word_1_40' title='bbox 1107 619 1227 653; x_wconf 84' lang='lat' dir='ltr'>slaves</span> <span class='ocrx_word' id='word_1_41' title='bbox 1255 618 1302 652; x_wconf 84' lang='lat' dir='ltr'>dc</span> <span class='ocrx_word' id='word_1_42' title='bbox 1329 618 1362 652; x_wconf 81' lang='lat' dir='ltr'>la</span> <span class='ocrx_word' id='word_1_43' title='bbox 1387 617 1653 661; x_wconf 80' lang='lat' dir='ltr'>Bibliotheque</span> <span class='ocrx_word' id='word_1_44' title='bbox 1681 616 1873 660; x_wconf 67' lang='lat' dir='ltr'>impcriale</span> <span class='ocrx_word' id='word_1_45' title='bbox 1898 617 1946 651; x_wconf 88' lang='lat' dir='ltr'>de</span> <span class='ocrx_word' id='word_1_46' title='bbox 1983 617 2095 659; x_wconf 81' lang='lat' dir='ltr'>Paris,</span> <span class='ocrx_word' id='word_1_47' title='bbox 2129 618 2230 652; x_wconf 88' lang='lat' dir='ltr'>Paris</span> 
     </span>
     <span class='ocr_line' id='line_1_8' title="bbox 406 659 1953 714; baseline -0.005 -9"><span class='ocrx_word' id='word_1_48' title='bbox 406 674 506 712; x_wconf 81' lang='lat'>1858,</span> <span class='ocrx_word' id='word_1_49' title='bbox 534 682 568 714; x_wconf 79' lang='lat' dir='ltr'>p.</span> <span class='ocrx_word' id='word_1_50' title='bbox 597 674 638 703; x_wconf 83' lang='lat'>70</span> <span class='ocrx_word' id='word_1_51' title='bbox 664 681 709 711; x_wconf 89' lang='lat' dir='ltr'>s.;</span> <span class='ocrx_word' id='word_1_52' title='bbox 737 670 760 703; x_wconf 95' lang='grc' dir='ltr'>Ι.</span> <span class='ocrx_word' id='word_1_53' title='bbox 793 668 929 705; x_wconf 69' lang='lat' dir='ltr'>Bt-rcic‘.</span> <span class='ocrx_word' id='word_1_54' title='bbox 958 659 1115 703; x_wconf 74' lang='lat' dir='ltr'>Citanka</span> <span class='ocrx_word' id='word_1_55' title='bbox 1140 666 1283 700; x_wconf 83' lang='lat' dir='ltr'>starosl.</span> <span class='ocrx_word' id='word_1_56' title='bbox 1309 665 1431 710; x_wconf 80' lang='lat' dir='ltr'>jezika</span> <span class='ocrx_word' id='word_1_57' title='bbox 1456 665 1549 709; x_wconf 79' lang='lat' dir='ltr'>Prag</span> <span class='ocrx_word' id='word_1_58' title='bbox 1576 667 1666 699; x_wconf 89' lang='lat'>1864</span> <span class='ocrx_word' id='word_1_59' title='bbox 1693 675 1729 709; x_wconf 87' lang='lat' dir='ltr'>p.</span> <span class='ocrx_word' id='word_1_60' title='bbox 1755 665 1809 699; x_wconf 93' lang='lat' dir='ltr'>XI</span> <span class='ocrx_word' id='word_1_61' title='bbox 1835 669 1873 698; x_wconf 89' lang='lat' dir='ltr'>et</span> <span class='ocrx_word' id='word_1_62' title='bbox 1899 667 1953 699; x_wconf 89' lang='grc'>47.</span> 
     </span>
    </p>
   </div>
   <div class='ocr_carea' id='block_1_6' title="bbox 1136 809 1488 862">
    <p class='ocr_par' dir='ltr' id='par_1_6' title="bbox 1136 809 1488 862">
     <span class='ocr_line' id='line_1_9' title="bbox 1136 809 1488 862; baseline -0.006 -12"><span class='ocrx_word' id='word_1_63' title='bbox 1136 821 1207 862; x_wconf 61' lang='lat'>335.</span> <span class='ocrx_word' id='word_1_64' title='bbox 1239 823 1271 849; x_wconf 89' lang='lat' dir='ltr'>s.</span> <span class='ocrx_word' id='word_1_65' title='bbox 1304 809 1488 860; x_wconf 71' lang='lat' dir='ltr'>Pragen.</span> 
     </span>
    </p>
   </div>
   <div class='ocr_carea' id='block_1_7' title="bbox 543 892 2230 947">
    <p class='ocr_par' dir='ltr' id='par_1_7' title="bbox 543 892 2230 947">
     <span class='ocr_line' id='line_1_10' title="bbox 543 892 2230 947; baseline -0.002 -11"><span class='ocrx_word' id='word_1_66' title='bbox 543 897 712 936; x_wconf 80' lang='lat' dir='ltr'>Missale</span> <span class='ocrx_word' id='word_1_67' title='bbox 746 895 1054 947; x_wconf 78' lang='lat' dir='ltr'>Glagoliticum</span> <span class='ocrx_word' id='word_1_68' title='bbox 1089 894 1302 946; x_wconf 83' lang='lat' dir='ltr'>Pragense</span> <span class='ocrx_word' id='word_1_69' title='bbox 1336 894 1376 931; x_wconf 92' lang='lat' dir='ltr'>in</span> <span class='ocrx_word' id='word_1_70' title='bbox 1412 893 1675 932; x_wconf 80' lang='lat' dir='ltr'>Monasterio</span> <span class='ocrx_word' id='word_1_71' title='bbox 1709 892 1871 932; x_wconf 86' lang='lat' dir='ltr'>Emaus</span> <span class='ocrx_word' id='word_1_72' title='bbox 1905 893 1970 932; x_wconf 88' lang='lat' dir='ltr'>vel</span> <span class='ocrx_word' id='word_1_73' title='bbox 2002 893 2044 932; x_wconf 88' lang='lat' dir='ltr'>in</span> <span class='ocrx_word' id='word_1_74' title='bbox 2080 892 2230 933; x_wconf 84' lang='lat' dir='ltr'>Mona-</span> 
     </span>
    </p>
   </div>
   <div class='ocr_carea' id='block_1_8' title="bbox 403 963 2229 1066">
    <p class='ocr_par' dir='ltr' id='par_1_8' title="bbox 403 963 2229 1066">
     <span class='ocr_line' id='line_1_11' title="bbox 403 963 2229 1016; baseline -0.002 -9"><span class='ocrx_word' id='word_1_75' title='bbox 403 969 531 1007; x_wconf 80' lang='lat' dir='ltr'>sterio</span> <span class='ocrx_word' id='word_1_76' title='bbox 565 966 640 1006; x_wconf 81' lang='lat' dir='ltr'>SS.</span> <span class='ocrx_word' id='word_1_77' title='bbox 674 966 858 1007; x_wconf 75' lang='lat' dir='ltr'>cosmae</span> <span class='ocrx_word' id='word_1_78' title='bbox 892 972 932 1005; x_wconf 83' lang='lat' dir='ltr'>et</span> <span class='ocrx_word' id='word_1_79' title='bbox 966 965 1162 1004; x_wconf 81' lang='lat' dir='ltr'>Damiani</span> <span class='ocrx_word' id='word_1_80' title='bbox 1196 963 1707 1016; x_wconf 75' lang='lat' dir='ltr'>Rogoviensi-Tkonensi</span> <span class='ocrx_word' id='word_1_81' title='bbox 1730 963 1948 1016; x_wconf 82' lang='lat' dir='ltr'>Jadrensis</span> <span class='ocrx_word' id='word_1_82' title='bbox 1969 963 2229 1004; x_wconf 87' lang='lat' dir='ltr'>dioeceseos</span> 
     </span>
     <span class='ocr_line' id='line_1_12' title="bbox 406 1027 701 1066; baseline -0.003 -1"><span class='ocrx_word' id='word_1_83' title='bbox 406 1027 701 1066; x_wconf 85' lang='lat' dir='ltr'>conscribitur.</span> 
     </span>
    </p>
   </div>
   <div class='ocr_carea' id='block_1_9' title="bbox 541 1097 1831 1149">
    <p class='ocr_par' dir='ltr' id='par_1_9' title="bbox 541 1097 1831 1149">
     <span class='ocr_line' id='line_1_13' title="bbox 541 1097 1831 1149; baseline 0 -11"><span class='ocrx_word' id='word_1_84' title='bbox 541 1106 566 1140; x_wconf 93' lang='lat'>1.</span> <span class='ocrx_word' id='word_1_85' title='bbox 593 1104 718 1139; x_wconf 60' lang='lat' dir='ltr'>Beraeic&#39;</span> <span class='ocrx_word' id='word_1_86' title='bbox 746 1097 902 1140; x_wconf 75' lang='lat' dir='ltr'>Citanka</span> <span class='ocrx_word' id='word_1_87' title='bbox 928 1104 1130 1139; x_wconf 76' lang='lat' dir='ltr'>Staroslov.</span> <span class='ocrx_word' id='word_1_88' title='bbox 1156 1104 1279 1149; x_wconf 71' lang='lat' dir='ltr'>jezika</span> <span class='ocrx_word' id='word_1_89' title='bbox 1304 1104 1398 1148; x_wconf 80' lang='lat' dir='ltr'>Prag</span> <span class='ocrx_word' id='word_1_90' title='bbox 1425 1104 1526 1144; x_wconf 84' lang='lat'>1864,</span> <span class='ocrx_word' id='word_1_91' title='bbox 1554 1114 1588 1146; x_wconf 83' lang='lat' dir='ltr'>p.</span> <span class='ocrx_word' id='word_1_92' title='bbox 1616 1102 1686 1136; x_wconf 83' lang='grc' dir='ltr'>ΧΠ</span> <span class='ocrx_word' id='word_1_93' title='bbox 1713 1106 1751 1137; x_wconf 81' lang='lat' dir='ltr'>et</span> <span class='ocrx_word' id='word_1_94' title='bbox 1777 1104 1831 1138; x_wconf 87' lang='lat'>50.</span> 
     </span>
    </p>
   </div>
   <div class='ocr_carea' id='block_1_10' title="bbox 1073 1247 1565 1298">
    <p class='ocr_par' dir='ltr' id='par_1_10' title="bbox 1073 1247 1565 1298">
     <span class='ocr_line' id='line_1_14' title="bbox 1073 1247 1565 1298; baseline 0 -11"><span class='ocrx_word' id='word_1_95' title='bbox 1073 1252 1147 1298; x_wconf 65' lang='lat'>36.</span> <span class='ocrx_word' id='word_1_96' title='bbox 1181 1247 1302 1288; x_wconf 84' lang='lat' dir='ltr'>XIV</span> <span class='ocrx_word' id='word_1_97' title='bbox 1325 1261 1357 1287; x_wconf 80' lang='lat'>5.</span> <span class='ocrx_word' id='word_1_98' title='bbox 1401 1247 1565 1298; x_wconf 67' lang='lat' dir='ltr'><em>Veglen.</em></span> 
     </span>
    </p>
   </div>
   <div class='ocr_carea' id='block_1_11' title="bbox 402 1331 2223 1527">
    <p class='ocr_par' dir='ltr' id='par_1_11' title="bbox 402 1331 2223 1527">
     <span class='ocr_line' id='line_1_15' title="bbox 546 1331 2223 1384; baseline 0 -12"><span class='ocrx_word' id='word_1_99' title='bbox 546 1333 792 1383; x_wconf 84' lang='lat' dir='ltr'>»Proprium</span> <span class='ocrx_word' id='word_1_100' title='bbox 827 1332 882 1371; x_wconf 80' lang='lat' dir='ltr'>de</span> <span class='ocrx_word' id='word_1_101' title='bbox 920 1339 1142 1383; x_wconf 81' lang='lat' dir='ltr'>tempore«</span> <span class='ocrx_word' id='word_1_102' title='bbox 1199 1331 1509 1384; x_wconf 82' lang='lat' dir='ltr'>Glagoliticum</span> <span class='ocrx_word' id='word_1_103' title='bbox 1563 1331 1898 1371; x_wconf 82' lang='lat' dir='ltr'>Verbenicensis</span> <span class='ocrx_word' id='word_1_104' title='bbox 1931 1332 2143 1372; x_wconf 75' lang='lat' dir='ltr'>ecclesiae</span> <span class='ocrx_word' id='word_1_105' title='bbox 2173 1333 2223 1375; x_wconf 71' lang='lat' dir='ltr'>,in</span> 
     </span>
     <span class='ocr_line' id='line_1_16' title="bbox 402 1403 1171 1455; baseline -0.001 -13"><span class='ocrx_word' id='word_1_106' title='bbox 402 1404 613 1455; x_wconf 79' lang='lat' dir='ltr'>Veglensi</span> <span class='ocrx_word' id='word_1_107' title='bbox 648 1404 841 1442; x_wconf 82' lang='lat' dir='ltr'>dioecesi</span> <span class='ocrx_word' id='word_1_108' title='bbox 876 1403 1171 1442; x_wconf 81' lang='lat' dir='ltr'><strong>conscribitur.</strong></span> 
     </span>
     <span class='ocr_line' id='line_1_17' title="bbox 542 1474 1872 1527; baseline -0.001 -10"><span class='ocrx_word' id='word_1_109' title='bbox 542 1484 565 1517; x_wconf 86' lang='lat'>1.</span> <span class='ocrx_word' id='word_1_110' title='bbox 593 1483 730 1523; x_wconf 63' lang='lat' dir='ltr'>Bereic‘,</span> <span class='ocrx_word' id='word_1_111' title='bbox 758 1474 914 1518; x_wconf 76' lang='lat' dir='ltr'>Citanka</span> <span class='ocrx_word' id='word_1_112' title='bbox 939 1483 1082 1517; x_wconf 77' lang='lat' dir='ltr'>starosi.</span> <span class='ocrx_word' id='word_1_113' title='bbox 1101 1483 1222 1526; x_wconf 78' lang='lat' dir='ltr'>jezika</span> <span class='ocrx_word' id='word_1_114' title='bbox 1247 1483 1340 1527; x_wconf 71' lang='lat' dir='ltr'>Prag</span> <span class='ocrx_word' id='word_1_115' title='bbox 1366 1485 1468 1523; x_wconf 84' lang='lat'>1864,</span> <span class='ocrx_word' id='word_1_116' title='bbox 1495 1493 1530 1526; x_wconf 81' lang='lat' dir='ltr'>p.</span> <span class='ocrx_word' id='word_1_117' title='bbox 1553 1483 1653 1517; x_wconf 82' lang='lat' dir='ltr'>xiv.</span> <span class='ocrx_word' id='word_1_118' title='bbox 1680 1487 1728 1517; x_wconf 79' lang='lat' dir='ltr'>et.</span> <span class='ocrx_word' id='word_1_119' title='bbox 1755 1486 1798 1517; x_wconf 87' lang='lat'>61</span> <span class='ocrx_word' id='word_1_120' title='bbox 1825 1494 1872 1517; x_wconf 82' lang='lat' dir='ltr'>ss.</span> 
     </span>
    </p>
   </div>
   <div class='ocr_carea' id='block_1_12' title="bbox 1054 1625 1546 1680">
    <p class='ocr_par' dir='ltr' id='par_1_12' title="bbox 1054 1625 1546 1680">
     <span class='ocr_line' id='line_1_18' title="bbox 1054 1625 1546 1680; baseline 0 -14"><span class='ocrx_word' id='word_1_121' title='bbox 1054 1637 1123 1680; x_wconf 59' lang='lat'>37.</span> <span class='ocrx_word' id='word_1_122' title='bbox 1162 1625 1277 1667; x_wconf 83' lang='lat' dir='ltr'>XIV</span> <span class='ocrx_word' id='word_1_123' title='bbox 1306 1640 1338 1666; x_wconf 82' lang='lat' dir='ltr'>s.</span> <span class='ocrx_word' id='word_1_124' title='bbox 1383 1626 1546 1678; x_wconf 80' lang='lat' dir='ltr'><em>Veglen.</em></span> 
     </span>
    </p>
   </div>
   <div class='ocr_carea' id='block_1_13' title="bbox 402 1709 2228 1905">
    <p class='ocr_par' dir='ltr' id='par_1_13' title="bbox 402 1709 2228 1905">
     <span class='ocr_line' id='line_1_19' title="bbox 541 1709 2228 1763; baseline 0.002 -14"><span class='ocrx_word' id='word_1_125' title='bbox 541 1710 764 1761; x_wconf 84' lang='lat' dir='ltr'>Proprium</span> <span class='ocrx_word' id='word_1_126' title='bbox 798 1717 838 1749; x_wconf 85' lang='lat' dir='ltr'>et</span> <span class='ocrx_word' id='word_1_127' title='bbox 884 1709 1130 1751; x_wconf 85' lang='lat' dir='ltr'>Commune</span> <span class='ocrx_word' id='word_1_128' title='bbox 1165 1709 1423 1750; x_wconf 83' lang='lat' dir='ltr'>Sanctorum</span> <span class='ocrx_word' id='word_1_129' title='bbox 1477 1709 1802 1762; x_wconf 86' lang='lat' dir='ltr'>Glagoliticum,</span> <span class='ocrx_word' id='word_1_130' title='bbox 1834 1711 1954 1763; x_wconf 90' lang='lat' dir='ltr'>quod</span> <span class='ocrx_word' id='word_1_131' title='bbox 1987 1718 2228 1752; x_wconf 85' lang='lat' dir='ltr'><strong>asservatur</strong></span> 
     </span>
     <span class='ocr_line' id='line_1_20' title="bbox 404 1780 2226 1832; baseline 0.002 -14"><span class='ocrx_word' id='word_1_132' title='bbox 404 1781 443 1818; x_wconf 88' lang='lat' dir='ltr'>in</span> <span class='ocrx_word' id='word_1_133' title='bbox 475 1780 647 1820; x_wconf 76' lang='lat' dir='ltr'>archivo</span> <span class='ocrx_word' id='word_1_134' title='bbox 688 1781 920 1832; x_wconf 79' lang='lat' dir='ltr'>parochiali</span> <span class='ocrx_word' id='word_1_135' title='bbox 954 1781 1164 1820; x_wconf 80' lang='lat' dir='ltr'>ecclcsiae</span> <span class='ocrx_word' id='word_1_136' title='bbox 1196 1781 1534 1821; x_wconf 84' lang='lat' dir='ltr'>Verbenicensis</span> <span class='ocrx_word' id='word_1_137' title='bbox 1567 1781 1891 1821; x_wconf 83' lang='lat' dir='ltr'>verosimillime</span> <span class='ocrx_word' id='word_1_138' title='bbox 1940 1796 1964 1822; x_wconf 86' lang='lat' dir='ltr'>a</span> <span class='ocrx_word' id='word_1_139' title='bbox 2015 1782 2119 1822; x_wconf 88' lang='lat' dir='ltr'>Vito</span> <span class='ocrx_word' id='word_1_140' title='bbox 2170 1782 2226 1823; x_wconf 84' lang='lat' dir='ltr'>de</span> 
     </span>
     <span class='ocr_line' id='line_1_21' title="bbox 402 1849 1784 1905; baseline 0 -14"><span class='ocrx_word' id='word_1_141' title='bbox 402 1849 579 1902; x_wconf 68' lang='lat' dir='ltr'>Omisalj</span> <span class='ocrx_word' id='word_1_142' title='bbox 615 1849 987 1904; x_wconf 84' lang='lat' dir='ltr'>(Castromusculi)</span> <span class='ocrx_word' id='word_1_143' title='bbox 1023 1853 1186 1891; x_wconf 83' lang='lat' dir='ltr'>insulae</span> <span class='ocrx_word' id='word_1_144' title='bbox 1220 1852 1451 1905; x_wconf 84' lang='lat' dir='ltr'>Veglensis</span> <span class='ocrx_word' id='word_1_145' title='bbox 1486 1853 1784 1893; x_wconf 86' lang='lat' dir='ltr'>conscribitur.</span> 
     </span>
    </p>
   </div>
   <div class='ocr_carea' id='block_1_14' title="bbox 542 1931 1116 1976">
    <p class='ocr_par' dir='ltr' id='par_1_14' title="bbox 542 1931 1116 1976">
     <span class='ocr_line' id='line_1_22' title="bbox 542 1931 1116 1976; baseline 0.002 -11"><span class='ocrx_word' id='word_1_146' title='bbox 542 1931 614 1965; x_wconf 87' lang='lat' dir='ltr'>Cfr.</span> <span class='ocrx_word' id='word_1_147' title='bbox 643 1932 744 1976; x_wconf 85' lang='lat' dir='ltr'>Vajs,</span> <span class='ocrx_word' id='word_1_148' title='bbox 773 1931 993 1976; x_wconf 80' lang='lat' dir='ltr'>Glagolitica</span> <span class='ocrx_word' id='word_1_149' title='bbox 1018 1943 1047 1966; x_wconf 78' lang='lat' dir='ltr'>a.</span> <span class='ocrx_word' id='word_1_150' title='bbox 1075 1933 1116 1966; x_wconf 91' lang='lat'>11.</span> 
     </span>
    </p>
   </div>
   <div class='ocr_carea' id='block_1_15' title="bbox 1048 2064 1562 2117">
    <p class='ocr_par' dir='ltr' id='par_1_15' title="bbox 1048 2064 1562 2117">
     <span class='ocr_line' id='line_1_23' title="bbox 1048 2064 1562 2117; baseline 0.002 -13"><span class='ocrx_word' id='word_1_151' title='bbox 1048 2066 1123 2115; x_wconf 62' lang='lat'>38.</span> <span class='ocrx_word' id='word_1_152' title='bbox 1169 2064 1287 2104; x_wconf 86' lang='lat' dir='ltr'>XIV</span> <span class='ocrx_word' id='word_1_153' title='bbox 1313 2078 1344 2104; x_wconf 91' lang='lat' dir='ltr'>s.</span> <span class='ocrx_word' id='word_1_154' title='bbox 1377 2065 1562 2117; x_wconf 78' lang='lat' dir='ltr'>Pragen.</span> 
     </span>
    </p>
   </div>
   <div class='ocr_carea' id='block_1_16' title="bbox 401 2014 2243 2349">
    <p class='ocr_par' dir='ltr' id='par_1_16' title="bbox 2238 2014 2243 2048">
     <span class='ocr_line' id='line_1_24' title="bbox 2238 2014 2243 2048; baseline 0 0"><span class='ocrx_word' id='word_1_155' title='bbox 2238 2014 2243 2048; x_wconf 80' lang='lat' dir='ltr'>i</span> 
     </span>
    </p>

    <p class='ocr_par' dir='ltr' id='par_1_17' title="bbox 2236 2052 2243 2121">
     <span class='ocr_line' id='line_1_25' title="bbox 2236 2052 2243 2121; baseline 0 0"><span class='ocrx_word' id='word_1_156' title='bbox 2236 2052 2243 2121; x_wconf 68' lang='grc' dir='ltr'>ἒ</span> 
     </span>
    </p>

    <p class='ocr_par' dir='ltr' id='par_1_18' title="bbox 401 2126 2243 2349">
     <span class='ocr_line' id='line_1_26' title="bbox 539 2126 2243 2210; baseline 0.003 -25"><span class='ocrx_word' id='word_1_157' title='bbox 539 2146 796 2186; x_wconf 80' lang='lat' dir='ltr'>Breviarium</span> <span class='ocrx_word' id='word_1_158' title='bbox 848 2147 1156 2200; x_wconf 82' lang='lat' dir='ltr'>Glagoliticum</span> <span class='ocrx_word' id='word_1_159' title='bbox 1190 2148 1417 2201; x_wconf 81' lang='lat' dir='ltr'>Pragense,</span> <span class='ocrx_word' id='word_1_160' title='bbox 1450 2150 1571 2188; x_wconf 88' lang='lat' dir='ltr'>cuius</span> <span class='ocrx_word' id='word_1_161' title='bbox 1622 2149 1913 2202; x_wconf 85' lang='lat' dir='ltr'>fragmentum</span> <span class='ocrx_word' id='word_1_162' title='bbox 1967 2150 2009 2189; x_wconf 92' lang='lat' dir='ltr'>in</span> <span class='ocrx_word' id='word_1_163' title='bbox 2045 2126 2243 2210; x_wconf 60' lang='lat' dir='ltr'>Musaeo}</span> 
     </span>
     <span class='ocr_line' id='line_1_27' title="bbox 401 2212 2243 2288; baseline 0.007 -35"><span class='ocrx_word' id='word_1_164' title='bbox 401 2216 600 2268; x_wconf 78' lang='lat' dir='ltr'>Pragensi</span> <span class='ocrx_word' id='word_1_165' title='bbox 631 2225 880 2266; x_wconf 80' lang='lat' dir='ltr'>asservatur,</span> <span class='ocrx_word' id='word_1_166' title='bbox 913 2220 1208 2258; x_wconf 85' lang='lat' dir='ltr'>conscribitur.</span> <span class='ocrx_word' id='word_1_167' title='bbox 2232 2212 2243 2288; x_wconf 60' lang='grc' dir='ltr'>ξ</span> 
     </span>
     <span class='ocr_line' id='line_1_28' title="bbox 540 2288 2233 2349; baseline 0.004 -20"><span class='ocrx_word' id='word_1_168' title='bbox 540 2297 563 2330; x_wconf 89' lang='grc' dir='ltr'>Ι.</span> <span class='ocrx_word' id='word_1_169' title='bbox 591 2296 717 2330; x_wconf 69' lang='grc' dir='ltr'>Β(-ι·ἐίό</span> <span class='ocrx_word' id='word_1_170' title='bbox 744 2288 900 2332; x_wconf 73' lang='lat' dir='ltr'>Citanka</span> <span class='ocrx_word' id='word_1_171' title='bbox 926 2299 1119 2333; x_wconf 78' lang='lat' dir='ltr'>staroslov.</span> <span class='ocrx_word' id='word_1_172' title='bbox 1146 2300 1268 2344; x_wconf 83' lang='lat' dir='ltr'>jczika</span> <span class='ocrx_word' id='word_1_173' title='bbox 1293 2300 1398 2344; x_wconf 80' lang='lat' dir='ltr'>Prag.</span> <span class='ocrx_word' id='word_1_174' title='bbox 1426 2302 1527 2341; x_wconf 85' lang='lat'>1864,</span> <span class='ocrx_word' id='word_1_175' title='bbox 1556 2311 1590 2344; x_wconf 88' lang='lat' dir='ltr'>p.</span> <span class='ocrx_word' id='word_1_176' title='bbox 1619 2300 1719 2334; x_wconf 87' lang='lat' dir='ltr'>XIV.</span> <span class='ocrx_word' id='word_1_177' title='bbox 1749 2304 1788 2335; x_wconf 84' lang='lat' dir='ltr'>et</span> <span class='ocrx_word' id='word_1_178' title='bbox 1817 2304 1872 2335; x_wconf 87' lang='lat'>64.</span> <span class='ocrx_word' id='word_1_179' title='bbox 2231 2347 2233 2349; x_wconf 17' lang='grc' dir='ltr'><strong><em>ι</em></strong></span> 
     </span>
    </p>
   </div>
   <div class='ocr_carea' id='block_1_17' title="bbox 1058 2443 1505 2492">
    <p class='ocr_par' dir='ltr' id='par_1_19' title="bbox 1058 2443 1505 2492">
     <span class='ocr_line' id='line_1_29' title="bbox 1058 2443 1505 2492; baseline 0.002 -10"><span class='ocrx_word' id='word_1_180' title='bbox 1058 2455 1131 2492; x_wconf 44' lang='grc'>39.</span> <span class='ocrx_word' id='word_1_181' title='bbox 1164 2443 1235 2483; x_wconf 78' lang='grc' dir='ltr'>Χ]</span> <span class='ocrx_word' id='word_1_182' title='bbox 1247 2443 1288 2483; x_wconf 89' lang='lat' dir='ltr'>V.</span> <span class='ocrx_word' id='word_1_183' title='bbox 1326 2443 1505 2491; x_wconf 76' lang='lat' dir='ltr'>Jadren.</span> 
     </span>
    </p>
   </div>
   <div class='ocr_carea' id='block_1_18' title="bbox 398 2522 2225 2792">
    <p class='ocr_par' dir='ltr' id='par_1_20' title="bbox 398 2522 2225 2718">
     <span class='ocr_line' id='line_1_30' title="bbox 538 2522 2224 2580; baseline 0.005 -20"><span class='ocrx_word' id='word_1_184' title='bbox 538 2522 707 2562; x_wconf 71' lang='lat' dir='ltr'>Mis-saie</span> <span class='ocrx_word' id='word_1_185' title='bbox 743 2523 1049 2576; x_wconf 82' lang='lat' dir='ltr'>Glagoliticum</span> <span class='ocrx_word' id='word_1_186' title='bbox 1104 2526 1378 2578; x_wconf 80' lang='lat' dir='ltr'>Ugljanense,</span> <span class='ocrx_word' id='word_1_187' title='bbox 1432 2528 1553 2567; x_wconf 89' lang='lat' dir='ltr'>cuius</span> <span class='ocrx_word' id='word_1_188' title='bbox 1600 2528 1840 2580; x_wconf 83' lang='lat' dir='ltr'>fragmenta</span> <span class='ocrx_word' id='word_1_189' title='bbox 1875 2540 1989 2568; x_wconf 83' lang='lat' dir='ltr'>anno</span> <span class='ocrx_word' id='word_1_190' title='bbox 2026 2527 2150 2570; x_wconf 84' lang='lat'>1859.</span> <span class='ocrx_word' id='word_1_191' title='bbox 2183 2529 2224 2568; x_wconf 88' lang='lat' dir='ltr'>in</span> 
     </span>
     <span class='ocr_line' id='line_1_31' title="bbox 400 2592 2225 2651; baseline 0.005 -22"><span class='ocrx_word' id='word_1_192' title='bbox 400 2592 600 2641; x_wconf 76' lang='lat' dir='ltr'>parochia</span> <span class='ocrx_word' id='word_1_193' title='bbox 646 2594 799 2645; x_wconf 70' lang='lat' dir='ltr'>Ugljan</span> <span class='ocrx_word' id='word_1_194' title='bbox 828 2595 1043 2646; x_wconf 78' lang='lat' dir='ltr'>Jadrensis</span> <span class='ocrx_word' id='word_1_195' title='bbox 1089 2597 1346 2636; x_wconf 76' lang='lat' dir='ltr'>dioeceseos</span> <span class='ocrx_word' id='word_1_196' title='bbox 1398 2598 1423 2637; x_wconf 93' lang='grc' dir='ltr'>Ι.</span> <span class='ocrx_word' id='word_1_197' title='bbox 1457 2598 1605 2638; x_wconf 70' lang='lat' dir='ltr'>Bercic&#39;</span> <span class='ocrx_word' id='word_1_198' title='bbox 1639 2599 1850 2651; x_wconf 84' lang='lat' dir='ltr'>detegens</span> <span class='ocrx_word' id='word_1_199' title='bbox 1902 2612 2005 2638; x_wconf 84' lang='lat' dir='ltr'>suae</span> <span class='ocrx_word' id='word_1_200' title='bbox 2055 2597 2225 2640; x_wconf 89' lang='lat' dir='ltr'>Collec-</span> 
     </span>
     <span class='ocr_line' id='line_1_32' title="bbox 398 2662 2169 2718; baseline 0.006 -19"><span class='ocrx_word' id='word_1_201' title='bbox 398 2662 501 2700; x_wconf 85' lang='lat' dir='ltr'>tioni</span> <span class='ocrx_word' id='word_1_202' title='bbox 534 2664 613 2701; x_wconf 86' lang='lat' dir='ltr'>sub</span> <span class='ocrx_word' id='word_1_203' title='bbox 648 2664 696 2710; x_wconf 90' lang='lat' dir='ltr'>N,</span> <span class='ocrx_word' id='word_1_204' title='bbox 733 2665 784 2704; x_wconf 82' lang='lat'>19</span> <span class='ocrx_word' id='word_1_205' title='bbox 817 2667 1001 2713; x_wconf 83' lang='lat' dir='ltr'>inseruit,</span> <span class='ocrx_word' id='word_1_206' title='bbox 1036 2668 1076 2705; x_wconf 88' lang='lat' dir='ltr'>in</span> <span class='ocrx_word' id='word_1_207' title='bbox 1110 2668 1301 2707; x_wconf 83' lang='lat' dir='ltr'>dioecesi</span> <span class='ocrx_word' id='word_1_208' title='bbox 1336 2669 1535 2718; x_wconf 69' lang='lat' dir='ltr'>{adrensi‚</span> <span class='ocrx_word' id='word_1_209' title='bbox 1568 2670 1628 2709; x_wconf 86' lang='lat' dir='ltr'>uti</span> <span class='ocrx_word' id='word_1_210' title='bbox 1661 2669 1840 2718; x_wconf 86' lang='lat' dir='ltr'>videtur,</span> <span class='ocrx_word' id='word_1_211' title='bbox 1874 2671 2169 2710; x_wconf 87' lang='lat' dir='ltr'>conscribitur.</span> 
     </span>
    </p>

    <p class='ocr_par' dir='ltr' id='par_1_21' title="bbox 537 2736 1904 2792">
     <span class='ocr_line' id='line_1_33' title="bbox 537 2736 1904 2792; baseline 0.007 -17"><span class='ocrx_word' id='word_1_212' title='bbox 537 2742 561 2775; x_wconf 88' lang='lat' dir='ltr'>I.</span> <span class='ocrx_word' id='word_1_213' title='bbox 590 2743 715 2777; x_wconf 66' lang='lat' dir='ltr'>Boi-(tic</span> <span class='ocrx_word' id='word_1_214' title='bbox 743 2736 897 2779; x_wconf 78' lang='lat' dir='ltr'>Citanka</span> <span class='ocrx_word' id='word_1_215' title='bbox 923 2747 1117 2784; x_wconf 78' lang='lat' dir='ltr'>staroslov.</span> <span class='ocrx_word' id='word_1_216' title='bbox 1142 2748 1272 2791; x_wconf 80' lang='lat' dir='ltr'>jezika.</span> <span class='ocrx_word' id='word_1_217' title='bbox 1303 2748 1393 2792; x_wconf 77' lang='lat' dir='ltr'>Prag</span> <span class='ocrx_word' id='word_1_218' title='bbox 1421 2751 1521 2789; x_wconf 82' lang='lat'>1864,</span> <span class='ocrx_word' id='word_1_219' title='bbox 1549 2760 1584 2792; x_wconf 86' lang='lat' dir='ltr'>p.</span> <span class='ocrx_word' id='word_1_220' title='bbox 1612 2749 1713 2784; x_wconf 85' lang='lat' dir='ltr'><strong>XIV.</strong></span> <span class='ocrx_word' id='word_1_221' title='bbox 1740 2753 1778 2783; x_wconf 83' lang='lat' dir='ltr'>et</span> <span class='ocrx_word' id='word_1_222' title='bbox 1805 2751 1848 2782; x_wconf 90' lang='lat'>64</span> <span class='ocrx_word' id='word_1_223' title='bbox 1875 2760 1904 2784; x_wconf 90' lang='lat' dir='ltr'>s.</span> 
     </span>
    </p>
   </div>
   <div class='ocr_carea' id='block_1_19' title="bbox 2200 2422 2243 3444">
    <p class='ocr_par' dir='ltr' id='par_1_22' title="bbox 2200 2422 2243 3444">
     <span class='ocr_line' id='line_1_34' title="bbox 2206 2422 2243 2909; baseline 0 -346"><span class='ocrx_word' id='word_1_224' title='bbox 2206 2422 2243 2909; x_wconf 95' lang='lat' dir='ltr'>   </span> 
     </span>
     <span class='ocr_line' id='line_1_35' title="bbox 2200 2999 2243 3444; baseline 0 -289"><span class='ocrx_word' id='word_1_225' title='bbox 2200 2999 2243 3444; x_wconf 95' lang='lat' dir='ltr'>   </span> 
     </span>
    </p>
   </div>
   <div class='ocr_carea' id='block_1_20' title="bbox 1039 2890 1572 2944">
    <p class='ocr_par' dir='ltr' id='par_1_23' title="bbox 1039 2890 1572 2944">
     <span class='ocr_line' id='line_1_36' title="bbox 1039 2890 1572 2944; baseline 0.008 -16"><span class='ocrx_word' id='word_1_226' title='bbox 1039 2902 1093 2941; x_wconf 45' lang='grc' dir='ltr'>,ω</span> <span class='ocrx_word' id='word_1_227' title='bbox 1125 2890 1196 2930; x_wconf 84' lang='grc' dir='ltr'>Χ]</span> <span class='ocrx_word' id='word_1_228' title='bbox 1208 2890 1246 2931; x_wconf 91' lang='lat' dir='ltr'><em>V</em></span> <span class='ocrx_word' id='word_1_229' title='bbox 1269 2905 1300 2931; x_wconf 89' lang='lat' dir='ltr'>s.</span> <span class='ocrx_word' id='word_1_230' title='bbox 1342 2891 1572 2944; x_wconf 76' lang='lat' dir='ltr'><em>Tergestz‘n.</em></span> 
     </span>
    </p>
   </div>
   <div class='ocr_carea' id='block_1_21' title="bbox 399 2967 2219 3102">
    <p class='ocr_par' dir='ltr' id='par_1_24' title="bbox 399 2967 2219 3102">
     <span class='ocr_line' id='line_1_37' title="bbox 538 2967 2219 3029; baseline 0.007 -24"><span class='ocrx_word' id='word_1_231' title='bbox 538 2967 706 3007; x_wconf 78' lang='lat' dir='ltr'>Missale</span> <span class='ocrx_word' id='word_1_232' title='bbox 740 2969 1045 3020; x_wconf 67' lang='lat' dir='ltr'>Glagoliticum</span> <span class='ocrx_word' id='word_1_233' title='bbox 1086 2986 1185 3012; x_wconf 88' lang='lat' dir='ltr'>cum</span> <span class='ocrx_word' id='word_1_234' title='bbox 1219 2973 1474 3015; x_wconf 81' lang='lat' dir='ltr'>Calendario</span> <span class='ocrx_word' id='word_1_235' title='bbox 1520 2975 1666 3028; x_wconf 88' lang='lat' dir='ltr'>figuris</span> <span class='ocrx_word' id='word_1_236' title='bbox 1700 2977 1951 3023; x_wconf 84' lang='lat' dir='ltr'>illuminato,</span> <span class='ocrx_word' id='word_1_237' title='bbox 1995 2977 2117 3029; x_wconf 90' lang='lat' dir='ltr'>quod</span> <span class='ocrx_word' id='word_1_238' title='bbox 2148 2978 2219 3016; x_wconf 80' lang='lat' dir='ltr'>an&#39;</span> 
     </span>
     <span class='ocr_line' id='line_1_38' title="bbox 399 3038 2201 3102; baseline 0.008 -27"><span class='ocrx_word' id='word_1_239' title='bbox 399 3049 454 3075; x_wconf 90' lang='lat' dir='ltr'>no</span> <span class='ocrx_word' id='word_1_240' title='bbox 492 3038 599 3077; x_wconf 78' lang='lat'>1475</span> <span class='ocrx_word' id='word_1_241' title='bbox 633 3040 672 3076; x_wconf 91' lang='lat' dir='ltr'>in</span> <span class='ocrx_word' id='word_1_242' title='bbox 707 3052 784 3078; x_wconf 87' lang='lat' dir='ltr'>usu</span> <span class='ocrx_word' id='word_1_243' title='bbox 818 3041 1025 3082; x_wconf 76' lang='lat' dir='ltr'>ecclesiae</span> <span class='ocrx_word' id='word_1_244' title='bbox 1059 3044 1313 3093; x_wconf 77' lang='lat' dir='ltr'>parochialis</span> <span class='ocrx_word' id='word_1_245' title='bbox 1347 3044 1388 3086; x_wconf 86' lang='lat' dir='ltr'>S.</span> <span class='ocrx_word' id='word_1_246' title='bbox 1423 3045 1589 3086; x_wconf 83' lang='lat' dir='ltr'>Martini</span> <span class='ocrx_word' id='word_1_247' title='bbox 1622 3047 1787 3088; x_wconf 83' lang='lat' dir='ltr'>Berami</span> <span class='ocrx_word' id='word_1_248' title='bbox 1821 3043 2004 3102; x_wconf 86' lang='lat' dir='ltr'>(Vermi)</span> <span class='ocrx_word' id='word_1_249' title='bbox 2037 3048 2079 3086; x_wconf 92' lang='lat' dir='ltr'>in</span> <span class='ocrx_word' id='word_1_250' title='bbox 2100 3047 2201 3091; x_wconf 76' lang='lat' dir='ltr'>dioc</span> 
     </span>
    </p>
   </div>
  </div>
 </body>
</html>
