2191 3434
569 74 1151 148 Glagolito-Romanae
1177 102 1251 137 XV
1277 114 1305 138 s.
1873 107 1890 138 7

49 262 234 302 Lukovo
266 261 486 302 Nonensis
530 261 790 301 dioeceseos
841 261 1032 314 degente
1078 260 1190 301 1435
1223 261 1439 300 conscribi
1493 263 1761 312 incoeptum,
1812 275 1890 313 pro

49 335 306 386 presbytero
351 333 494 373 Blasio
528 333 755 384 capellano
807 331 850 373 S.
885 332 1066 385 Georgii
1100 334 1142 372 in
1174 332 1356 373 Obrovo
1390 330 1525 385 (apud
1555 333 1753 385 Jesenice
1787 340 1889 372 tunc

48 405 268 446 Nonensis
301 404 572 453 dioeceseos,
605 404 738 443 hodie
764 401 1003 457 Jadrensis)
1031 405 1250 443 visitatore
1284 402 1447 443 Natalis
1481 404 1679 454 episcopi
1713 403 1891 443 Nonen-

48 477 119 526 sis,
149 488 265 515 anno
301 476 409 515 1441
445 475 696 515 absolvitur.

188 556 397 596 Assemani,
424 556 503 589 Kal.
532 556 602 589 Un.
630 555 731 590 Eccl.
758 557 819 590 IV.
846 566 928 600 cap.
956 556 1018 589 IV.
1045 555 1075 599 ξ.
1104 556 1142 596 6;
1169 555 1194 589 Ι.
1222 554 1365 596 Rei-cic,
1391 547 1551 590 Citanka
1577 554 1774 589 staroslov.
1800 555 1889 600 jezi-

47 603 105 644 ka,
132 604 272 648 Pragae
299 606 402 638 1864.
442 603 513 636 XV
542 608 580 636 et
606 605 667 644 68;
713 603 857 644 Crncic'‚
886 603 1120 648 Knjiievnik,
1149 603 1352 648 Zagabriae
1380 604 1483 644 1865,
1510 606 1553 636 21
1581 614 1627 643 s.;
1655 602 1885 647 Kukuljevic'

46 652 163 686 Arkiv
187 663 229 686 za
254 652 355 696 povj.
376 650 514 696 jugosl.
542 651 604 691 IV,
632 652 834 697 Zagrabiae
873 654 975 691 1857,
1004 654 1088 692 372;
1117 643 1278 688 Surmin,
1306 652 1402 684 Acta
1429 651 1595 684 croatica
1622 651 1646 690 1,
1684 651 1888 693 Zagrabiae

47 701 151 740 1898,
179 702 256 733 154.
284 699 359 733 Cfr.
386 699 480 732 infra
507 698 548 732 N.
579 703 680 733 1443.

634 871 699 909 16.
733 880 855 921 1443,
886 879 949 919 23.
988 866 1114 915 Julii,
1147 865 1311 907 Absorz'.

188 975 429 1018 Consilium
475 975 729 1016 Absorense
763 976 819 1016 de
853 976 1060 1015 mandato
1112 976 1285 1032 comitis
1318 975 1436 1015 Dasii
1466 975 1589 1029 Justo
1624 977 1752 1015 mittit
1785 989 1889 1016 suos

45 1049 384 1088 ambasciatores
418 1060 519 1087 cum
553 1049 774 1099 scripturis
817 1047 1154 1087 credentialibus
1187 1048 1361 1099 scriptis
1395 1049 1435 1087 in
1469 1048 1616 1100 lingua
1650 1047 1764 1087 slava
1798 1060 1887 1088 ma·

46 1132 105 1160 nu
137 1121 380 1172 presbyteri
413 1119 539 1172 Blasij
575 1132 727 1159 eorum
761 1119 973 1171 capellani
1006 1118 1062 1158 ad
1096 1118 1415 1172 Lossinienses.

45 1248 146 1282 LVII
185 1200 484 1283 1L8jgi1bicsssscgr2ba
510 1211 549 1234 za
586 1200 771 1246 glagolicu
799 1211 846 1234 na
871 1199 1029 1244 Losinju
1057 1200 1094 1232 in
1121 1199 1204 1233 Rad
1229 1199 1525 1243 jugoslavenske
1563 1199 1789 1244 Akademije
1818 1199 1889 1234 voi.

151 1277 158 1290 ‚
281 1277 287 1289 ‚
315 1260 351 1292 p.
378 1253 395 1282 1
451 1276 456 1282 .

715 1403 775 1446 17.
809 1404 931 1446 1443,
964 1391 1006 1432 in
1045 1390 1226 1433 Cr‘oatia.

186 1501 360 1542 Missale
393 1502 703 1554 Glagoliticum
748 1501 1050 1554 Zagrabiense,
1084 1500 1206 1553 quod
1239 1501 1281 1539 in
1332 1499 1692 1552 archiepiscopali
1728 1499 1891 1540 Biblio-

43 1574 170 1614 theca
203 1573 479 1627 Zagrabiensi
512 1580 765 1622 asservatur,
798 1573 1103 1613 conscribitur.

185 1655 211 1689 I.
238 1653 378 1695 Bercid,
406 1646 565 1689 Citanka
591 1654 786 1689 staroslov.
811 1653 934 1699 jezika
961 1654 1055 1699 Prag
1081 1655 1185 1693 1864,
1214 1664 1249 1696 p.
1280 1653 1361 1687 XV.
1391 1658 1427 1687 et
1456 1655 1512 1687 67.

627 1825 695 1864 18.
729 1835 850 1877 1442,
889 1822 1080 1876 Ονηῑζξαί]
1118 1823 1282 1875 Veglen.

186 1932 449 1974 Aedificatio
483 1934 700 1973 sacristiae
745 1932 956 1989 ecclesiae
1001 1931 1045 1972 B.
1087 1932 1138 1972 V.
1181 1931 1341 1972 Mariae
1388 1929 1657 1983 Assumptae
1690 1930 1888 1985 Omisalji

45 2005 276 2060 Veglensis
329 2006 589 2046 dioeceseos
635 2004 916 2057 inscriptione
963 2003 1210 2056 glagolitica
1256 2003 1385 2043 fronti
1427 2003 1624 2043 eiusdem
1670 2004 1888 2043 sacristiae

46 2078 251 2127 immissa,
284 2078 522 2117 memoriae
555 2076 903 2131 commendatur.

187 2151 348 2200 Surmin,
375 2160 471 2193 Acta
497 2159 661 2192 croatica
688 2159 712 2191 I.
740 2157 942 2204 Zagrabiae
970 2159 1073 2198 1898,
1101 2159 1180 2190 155.

470 2340 536 2381 19.
568 2338 689 2382 1443,
711 2326 921 2381 (Lukovo)
954 2325 1118 2369 Nonen.
1150 2332 1191 2367 et
1219 2325 1455 2381 Aquilejen.

187 2437 359 2478 Missale
393 2437 684 2491 Glagolicum,
717 2438 839 2477 cuius
872 2436 1166 2490 fragmentum
1201 2448 1258 2475 ex
1292 2435 1420 2475 theca
1457 2432 1887 2487 ›Kirchen-Leitung

44 2507 172 2550 Tom.
204 2511 256 2550 1.«
294 2510 453 2550 archivi
495 2509 752 2561 parochialis
797 2508 981 2549 Rakitna
1025 2508 1289 2548 Labacensis
1335 2507 1596 2547 dioeceseos
1629 2512 1888 2554 extractum,

44 2588 211 2633 partem
244 2581 376 2622 officii
410 2581 732 2622 Hebdomadae
777 2580 950 2620 Maioris
993 2581 1236 2627 continens,
1291 2592 1314 2618 a
1357 2579 1616 2630 presbytero
1650 2577 1797 2617 Marco
1831 2577 1885 2616 ad

44 2665 171 2693 usum
204 2653 376 2694 Ioannis
408 2653 622 2705 capellani
655 2651 697 2693 S.
731 2652 902 2692 Ioannis
935 2652 976 2691 in
1013 2651 1163 2691 Monte
1184 2652 1225 2690 in
1246 2649 1351 2690 Lica
1373 2649 1592 2690 Nonensis
1614 2648 1887 2697 dioeceseos,

46 2725 344 2774 conscribitur,
376 2731 422 2764 ut
454 2737 511 2764 ex
544 2725 744 2777 sequenti
775 2723 1060 2763 adnotatione
1094 2727 1230 2774 patet:

189 2806 282 2848 »To
316 2809 409 2860 pisa
441 2807 557 2860 popb
589 2807 740 2847 Marko
784 2807 927 2847 dobru
970 2806 1098 2846 muiu
1140 2802 1443 2859 (Gos)podinu
1489 2804 1619 2844 Ivanu
1662 2803 1882 2854 kapelanu

45 2872 224 2920 svetago
256 2867 383 2907 Ivana
416 2880 469 2907 na
503 2867 609 2908 Gori
641 2879 695 2906 na
727 2866 811 2906 letb
844 2863 1131 2919 g(ospod)nih
1156 2865 1279 2905 1443.
1298 2863 1340 2904 A
1361 2864 1462 2904 tada
1483 2863 1546 2903 zla
1568 2865 1676 2902 zima
1700 2860 1880 2915 b(e)se.«

187 2947 230 2981 In
254 2948 417 2982 Archivo
443 2947 643 2992 parochiae
670 2947 831 2981 Rakitna
845 2946 1077 2981 Labacensis
1104 2945 1340 2979 dioeceseos,
1367 2945 1493 2979 Locus
1521 2943 1809 2987 conscriptionis
1838 2953 1885 2975 ex

45 2995 288 3039 praecedenti
315 2995 356 3030 N.
384 2998 438 3030 15.
466 2999 582 3039 patet.
