2191 3434
589 214 1134 262 Glagolito-Romanae
1160 211 1251 246 XVI
1277 222 1307 247 s.
1826 207 1871 242 45

0 320 252 413 alminatione
284 363 482 416 liturgiae
516 362 1002 416 Glagolito-Romanae‚
1036 367 1081 400 ut
1115 365 1309 399 cassetur
1341 364 1440 397 ante
1474 357 1622 396 omnia
1642 355 1870 395 decretum

0 435 279 495 χὀῐῐιῐηυηίε
315 436 369 475 13
401 433 505 488 Maji
541 434 653 475 1593
688 433 755 487 (N.
793 430 893 486 163)
926 433 1075 485 exigit,
1096 444 1185 484 quo
1209 431 1325 470 facto
1357 436 1525 469 tanturn
1560 428 1744 479 petitum
1768 439 1871 466 con-

20 507 218 557 .edetur;
271 519 404 560 quare
439 505 689 547 Commune
722 505 1006 546 Fluminense
1039 510 1257 543 oratorem
1292 514 1419 541 suum
1454 500 1522 540 ad.
1556 497 1720 540 Sedem
1775 498 1870 537 mit-

18 584 106 623 re
138 578 346 619 decernit.

24 712 25 715 Ἴ
158 661 240 703 Die
273 661 511 702 Dominico
553 663 602 703 19
636 661 912 714 Septembris
950 660 1074 709 1593,
1108 661 1150 699 in
1184 658 1284 700 Sala
1317 657 1462 711 Palatij
1488 655 1748 697 Communis
1770 653 1871 694 Flu-

37 746 40 761 ι
63 734 154 762 mls.

79 839 105 874 ’t
129 791 328 873 t'Mittatur
354 794 482 826 orator
508 792 545 824 in
571 791 713 825 Urbem
759 801 828 834 pro
874 789 1078 824 officiando
1124 789 1266 834 illyrice
1305 788 1341 821 in
1382 787 1544 821 ecclesia
1589 784 1719 819 maiori
1759 783 1869 816 huius

52 850 85 874 v1
106 849 126 874 a
146 849 188 874 ιε.

156 900 438 955 Congregato
472 902 655 941 consilio
690 903 858 941 minore
882 908 924 940 et
946 902 1110 940 maiore
1145 912 1267 939 more
1300 898 1442 944 solito,
1476 897 1550 936 ubi
1584 895 1869 936 interfuerunt

0 989 14 1016 J
43 961 244 1002 onsiliarii
265 973 450 1001 numero
467 962 535 1011 30,
551 967 806 1012 computata
821 973 1009 1012 persona
1025 959 1262 1001 Clarissimi
1286 958 1466 998 Domini
1491 956 1867 996 Locumtenentis.

0 1050 13 1075 s
35 1021 167 1074 ·ique
187 1020 240 1061 D.
261 1020 480 1061 Mattheus
504 1020 688 1074 Segotta
709 1022 979 1065 consiliarius
1003 1026 1164 1069 noster,
1194 1019 1435 1059 nouissime
1459 1017 1619 1056 missus
1641 1017 1682 1054 in
1706 1026 1868 1054 execu-

0 1084 180 1136 filonem
216 1081 385 1121 consilii
418 1081 457 1121 6.
492 1082 701 1130 instantis,
735 1094 833 1120 cum
871 1081 1022 1120 litteris
1056 1080 1184 1120 huius
1217 1077 1477 1131 Magnificae
1529 1074 1868 1117 Communitatis

3 1140 218 1196 sffiusdem
253 1140 339 1180 diei
384 1140 439 1180 ad
492 1141 926 1180 Reverendissimum
982 1140 1256 1192 Episcopum
1286 1136 1546 1178 ‘occasione
1598 1134 1867 1175 officiaturae

3 1199 177 1265 lyrica
209 1207 357 1241 nostra
380 1200 575 1241 Materna
609 1200 778 1254 Lingua
812 1202 854 1240 in
889 1200 969 1240 hac
1002 1207 1149 1240 nostra
1184 1199 1382 1239 Ecclesia
1416 1198 1592 1245 maiore,
1626 1194 1787 1235 retulit:
1821 1207 1867 1233 se

34 1260 281 1313 xequendo
316 1260 523 1300 mandata
568 1260 672 1300 dicti
719 1261 887 1300 consilii
930 1267 1234 1312 praesentasse
1280 1265 1322 1298 et
1355 1264 1561 1298 oretenus
1604 1254 1867 1307 exposuisse

12 1320 294 1371 esiderium,
325 1332 377 1360 ac
419 1332 574 1372 preces
608 1320 735 1360 huius
769 1318 979 1369 Ciuitatis,
1025 1321 1093 1360 cui
1128 1326 1229 1372 post
1273 1325 1350 1367 tot,
1391 1318 1610 1369 tantisque
1643 1313 1868 1366 triplicatis

0 1419 13 1437 ,
33 1380 34 1384 ’
57 1380 412 1430 tercessionibus,
444 1393 495 1420 ac
528 1381 771 1432 praecibus,
815 1380 1022 1420 dominus
1064 1378 1350 1420 Reverendus
1394 1377 1593 1418 Vicatius
1627 1374 1868 1426 respondit,

43 1440 92 1480 isi
124 1446 379 1480 retractetur
411 1440 643 1480 consilium
682 1441 734 1480 13
767 1439 867 1492 Maij
903 1440 1080 1492 publice
1113 1452 1191 1491 per
1221 1438 1414 1478 eundern
1437 1437 1670 1477 consilium
1693 1435 1866 1486 sibique

32 1499 215 1540 fferatur
247 1500 436 1552 publica,
468 1507 510 1540 et
543 1500 792 1540 authentica
826 1501 966 1551 copia,
1000 1512 1154 1551 preces
1188 1497 1527 1540 Communitatis
1560 1508 1647 1535 non
1682 1494 1864 1534 audien-

32 1562 33 1589 ἒ
60 1573 90 1608 r,
120 1572 203 1600 nec
236 1559 478 1600 officiatura
511 1561 552 1599 in
586 1560 750 1611 illyrica
783 1560 930 1612 lingua
965 1559 1258 1605 concedetur;
1293 1570 1485 1609 cumque
1530 1556 1693 1608 pluries
1744 1567 1865 1605 prae—

31 1620 130 1660 icto
164 1620 549 1660 Reverendissimo
583 1620 809 1671 Episcopo
845 1621 1053 1671 scriptum
1091 1620 1254 1666 fuisset,
1303 1617 1535 1658 consilium
1589 1614 1862 1667 praedictum

31 1680 66 1720 3
97 1678 198 1733 Maij
232 1686 431 1719 amotum
466 1680 599 1720 fuisse
621 1687 663 1719 et
697 1679 856 1722 nullius
888 1680 1008 1731 apud
1042 1679 1153 1719 hanc
1187 1678 1464 1731 Magnificam
1490 1675 1862 1717 Communitatern

30 1739 191 1788 ·.b0ris‚
223 1747 266 1779 et
299 1739 663 1787 considerationis
697 1752 805 1786 esse,
839 1740 961 1792 quod
994 1739 1050 1779 ad
1085 1738 1391 1779 omnimodam
1456 1734 1865 1776 Reverendissimae

30 1800 335 1839 'ominationis
369 1797 485 1841 Suae
517 1799 859 1839 satisfactionem
896 1812 992 1840 esse
1027 1800 1223 1847 deberet,
1256 1798 1545 1849 uideaturque
1582 1796 1643 1835 sic
1675 1793 1864 1847 agendo,

30 1857 178 1898 lusam
213 1859 347 1899 fuisse
380 1858 769 1903 Communitatem,
802 1859 880 1898 fuit
916 1860 1176 1899 conclusum
1212 1870 1290 1909 per
1322 1857 1480 1897 o'mnes
1501 1855 1672 1895 balotas
1694 1860 1865 1905 praeter

4 1960 6 1974 Ι
40 1930 152 1967 nam,
185 1919 308 1971 quod
342 1932 427 1973 ego
460 1918 715 1959 Ludovicus
749 1918 1012 1960 Ceccolinus
1045 1919 1156 1959 Vice
1190 1917 1484 1960 Cancellarius
1518 1923 1560 1956 et
1593 1914 1864 1954 consiliarius

29 1980 272 2018 ansmittar
303 1979 360 2019 ad
393 1979 584 2032 aliquem
619 1981 910 2030 iurisperitum
958 1979 1220 2018 consulendi
1255 1990 1433 2018 causam
1479 1976 1604 2023 hanc,
1656 1973 1778 2026 quod
1829 1974 1862 2012 si

24 2050 122 2090 pus
155 2039 234 2079 erit
267 2039 455 2079 Romam
489 2037 797 2091 Apostolicam
841 2038 1015 2080 Curiam
1067 2039 1198 2084 adire.
1249 2050 1338 2078 non
1390 2036 1768 2089 praetermittatur,
1819 2040 1864 2072 ut

1 2138 3 2151 ⁴
41 2099 136 2138 obis
169 2100 417 2139 restituatur
448 2111 546 2138 mos
579 2101 782 2151 antiquus
816 2098 1037 2139 officiandi
1072 2099 1249 2149 illyrice.

28 2218 29 2234 χ
149 2179 354 2214 Archivum
381 2180 616 2214 Historicum
644 2180 938 2215 Communitatis
965 2180 1148 2215 Fluminis
1176 2180 1210 2213 in
1240 2179 1382 2214 Palatio
1411 2175 1638 2221 Municipali,
1667 2176 1752 2209 Mss.
1776 2175 1863 2208 Pro-

32 2226 189 2261 ·collum
217 2227 435 2272 Capitanale
462 2228 499 2262 B.
528 2231 776 2269 1593—1607‚
805 2227 827 2262 f.
860 2233 899 2262 11
930 2240 974 2269 v,
1006 2231 1056 2262 12.

471 2400 565 2451 167.
600 2409 723 2451 1594,
750 2412 784 2450 9
817 2397 994 2452 Aprilis,
1027 2397 1228 2439 flumine
1261 2397 1402 2437 Pelen.

151 2491 401 2534 Commune
434 2494 659 2543 Fluminis,
692 2495 747 2534 ad
781 2495 979 2534 vitandas
1013 2495 1240 2534 ulteriores
1275 2494 1610 2534 colluctationes
1646 2503 1747 2530 cum
1771 2490 1860 2540 epi-

57 2576 146 2615 opo
166 2564 339 2604 Polensi
373 2564 557 2606 Claudio
592 2565 844 2606 Sozomeno
869 2568 928 2606 ob
950 2568 1371 2618 raepristinationem
1395 2565 1592 2617 liturgiae
1615 2562 1857 2615 Glagolito-

29 2640 231 2675 'omanae
264 2638 305 2676 in
339 2637 525 2677 ecclesia
557 2638 792 2689 parochiali
827 2637 869 2678 S.
903 2638 1075 2687 Mariae,
1110 2645 1151 2677 et
1174 2646 1217 2677 ut
1239 2638 1320 2677 hac
1342 2636 1598 2677 conditione
1620 2636 1674 2674 ab
1697 2633 1857 2674 eodem

35 2707 220 2759 piscopo
253 2710 491 2760 proposita,
524 2722 628 2749 usus
663 2709 860 2764 liturgiae
895 2710 1369 2763 Glagolito-Romanae
1403 2711 1445 2748 in
1480 2708 1635 2748 eadem
1673 2706 1858 2746 ecclesia

25 2778 312 2828 stitueretur,
364 2787 505 2820 cassat
557 2794 607 2820 ac
637 2782 781 2821 -irritat
833 2782 1058 2821 decretum
1105 2794 1232 2821 suum
1272 2782 1324 2821 13
1356 2780 1457 2832 Maji
1496 2779 1606 2820 1593
1642 2777 1709 2832 (N.
1748 2775 1858 2830 163.)

50 2861 100 2888 ac
134 2850 427 2892 satisfactione
460 2859 647 2903 peracta,
692 2865 796 2892 usus
838 2854 1034 2906 liturgiae
1079 2852 1553 2906 Glagolito·Romanae
1598 2853 1637 2890 in
1673 2851 1858 2890 ecclesia

20 2938 51 2978 ρ..
83 2920 241 2961 Mariae
274 2924 598 2974 raepristinatus
632 2932 707 2963 est.

24 2985 26 2998 Ι
148 3003 231 3044 Die
265 3004 446 3046 Sabbati
477 3006 505 3047 9
537 3005 700 3058 Aprilis
740 3007 863 3055 1594,
897 3010 937 3046 in
973 3008 1060 3047 sala
1095 3008 1239 3059 Palatij
1277 3007 1538 3048 Communis
1572 3007 1795 3046 Fluminis.

150 3072 354 3108 Consilium
383 3078 427 3109 13
455 3075 540 3121 Maij
564 3079 667 3115 1593,
696 3077 951 3116 comburatur,
980 3083 1017 3111 et
1043 3077 1226 3111 deleatur.

150 3134 428 3189 Congregato
462 3138 645 3178 consilio
680 3140 848 3179 minore
883 3147 923 3178 et
959 3141 1134 3189 maiore,
1169 3152 1290 3179 more
1345 3140 1486 3188 solito,
1537 3139 1656 3178 nullo
1710 3146 1855 3177 tamen
