2191 3434
546 137 1097 183 Glagolito-Romanae
1124 139 1210 172 XIII
1236 150 1264 172 s.
1825 143 1845 175 9

0 282 180 325 piscopus
206 281 266 315 illa
291 286 416 315 aetate
442 292 462 315 a
488 282 676 326 corruptis
703 281 916 327 Cathalogis
943 281 1093 317 relatus.
1121 282 1258 315 menda
1287 282 1519 316 librariorum
1547 293 1594 315 ex
1633 283 1841 317 Theodosii

0 330 153 363 nomine
179 329 275 362 male
300 329 527 372 transcripto
554 328 752 363 confectus
780 334 854 370 est3
881 330 918 363 in
957 340 1071 374 quem
1107 339 1274 362 errorem
1302 330 1416 363 etiam
1443 330 1619 363 Nicolaus
1661 331 1842 364 Arbcnsis

6 377 78 411 iarn
104 376 298 410 inciderat.

448 556 492 595 3.
524 545 653 597 1248,
683 556 740 596 29
773 542 939 594 Martii,
971 543 1417 599 Romae-(segnem).

139 639 419 679 Innocentius
452 652 565 692 papa
598 639 669 680 IV.
714 652 1040 693 recognoscens
1086 640 1258 680 titulum
1293 641 1523 681 iuridicum
1559 643 1842 682 consuetudi-

0 712 63 750 nis
111 711 469 750 immemorabilis
520 711 717 764 liturgiae
769 710 1239 765 Glagolito-Romanae
1290 713 1332 752 in
1378 711 1595 762 Slavonia,
1647 713 1844 766 Philippo

0 783 210 834 episcopo
244 780 487 835 Segniensi,
520 782 606 834 qui,
640 795 741 822 cum
774 782 921 836 lingua
963 782 1113 822 Latina
1148 783 1372 823 ordinatus
1405 785 1624 831 existeret,
1659 797 1843 825 consue-

0 853 136 893 tudini
168 859 306 893 terrae
338 860 485 893 tamen
519 853 759 893 conformis
792 853 907 893 effici
941 854 1219 906 postulasset,
1270 855 1489 895 licentiam
1523 855 1666 896 divina
1701 855 1845 896 officia

0 926 119 965 iuxta
151 924 367 977 liturgiam
401 924 669 976 praedictam
704 925 966 973 celebrandi,
999 925 1218 966 concedit.

137 1004 435 1062 (Innocentius
467 1009 704 1060 episcopus
737 1015 816 1048 etc.
851 1008 1098 1048 Venerabili
1132 1009 1246 1049 fratri
1268 1000 1487 1061 Philippo)
1519 1010 1744 1062 Episcopo
1768 1010 1845 1052 Se-

0 1066 151 1121 nien(si
185 1064 283 1120 etc.)
315 1067 518 1107 Porrecta
551 1069 679 1108 nobis
711 1075 783 1107 tua
817 1069 968 1119 petitio
996 1070 1261 1117 continebat,
1294 1070 1415 1121 quod
1450 1071 1491 1109 in
1525 1068 1757 1111 Sclavonia
1779 1079 1843 1111 est

0 1126 134 1166 littera
165 1127 377 1178 specialis,
428 1140 560 1180 quam
594 1127 704 1167 illius
737 1134 847 1167 terre
899 1128 1042 1167 clerici
1091 1141 1139 1168 se
1173 1127 1333 1168 habere
1384 1143 1408 1168 a
1441 1130 1570 1169 beato
1617 1130 1841 1183 Jeronimo

0 1192 250 1236 asserentes,
283 1199 379 1226 eam
415 1188 648 1226 observant
682 1188 722 1226 in
757 1187 912 1226 divinis
951 1187 1107 1227 officiis
1141 1188 1425 1228 celebrandis.
1463 1188 1591 1229 Unde
1625 1202 1726 1229 cum
1761 1191 1841 1230 illis

0 1245 194 1285 efficiaris
227 1246 479 1294 conformis,
513 1253 554 1286 et
604 1247 647 1285 in
679 1253 790 1286 terre
825 1247 1205 1296 consuetudinem,
1239 1248 1280 1286 in
1315 1260 1399 1300 qua
1433 1250 1635 1288 consistis
1670 1251 1842 1301 episco-

0 1317 89 1355 pus,
122 1306 312 1354 imiteris,
345 1305 596 1345 celebrandi
639 1305 783 1345 divina
817 1305 962 1345 officia
1012 1307 1258 1346 secundum
1294 1307 1456 1346 dictam
1491 1308 1674 1347 litteram
1710 1323 1733 1348 a
1766 1322 1844 1349 no-

0 1365 61 1403 bis
93 1365 347 1416 suppliciter
379 1365 596 1404 licentiam
633 1365 872 1416 postulasti.
914 1365 1008 1406 Nos
1042 1367 1170 1419 igitur
1214 1366 1505 1415 attendentes,
1540 1368 1661 1420 quod
1695 1381 1841 1409 sermo

0 1424 66 1472 rei,
99 1430 142 1464 et
175 1436 262 1463 non
295 1437 363 1464 res
396 1431 461 1464 est
493 1425 684 1464 sermoni
711 1425 919 1473 subiecta,
952 1425 1170 1465 licentiam
1193 1427 1269 1465 tibi
1304 1427 1345 1465 in
1380 1426 1459 1465 illis
1493 1427 1725 1467 dumtaxat
1747 1442 1842 1479 par-

0 1484 121 1532 tibus,
153 1484 226 1523 ubi
261 1483 317 1523 de
350 1483 669 1524 consuetudine
703 1485 988 1524 observantur
1009 1486 1232 1536 premissa,
1266 1485 1516 1525 dummodo
1549 1488 1763 1527 sententia
1785 1501 1841 1527 ex

0 1543 129 1594 ipsius
161 1543 364 1582 varietate
396 1543 537 1584 littere
588 1555 676 1583 non
709 1544 890 1590 ledatur‚
923 1545 1178 1584 auctoritate
1230 1547 1497 1596 presentium
1552 1547 1842 1587 concedimus

0 1601 275 1653 postulatam.
306 1601 422 1643 Nulli
457 1614 562 1655 ergo
596 1610 677 1643 etc.
711 1610 858 1643 nostre
893 1605 1193 1644 concessionis
1228 1612 1308 1644 etc.
1342 1604 1503 1644 Datum
1528 1605 1734 1659 Lugduni
1770 1607 1841 1647 IV.

0 1660 215 1702 Kalendas
247 1660 410 1713 Aprilis
443 1660 742 1715 (Pontificatus
776 1662 940 1715 Nostri)
973 1662 1107 1702 Anno
1142 1663 1318 1714 Quinto.

134 1742 376 1777 Tabularium
404 1743 640 1783 Vaticanum,
668 1744 834 1786 Regesta
872 1744 1082 1778 Innocentii
1109 1744 1171 1784 IV,
1213 1744 1254 1777 N.
1284 1748 1338 1784 21
1378 1744 1426 1779 fo.
1467 1747 1535 1779 522
1563 1757 1613 1782 v.;
1641 1748 1752 1780 Anno
1797 1747 1841 1782 V.

0 1799 53 1833 ep
83 1791 162 1824 756.
190 1789 263 1825 Cfr.
291 1790 473 1831 Potthast,
511 1791 678 1844 Regesta
704 1772 840 1825 Pontis.
867 1791 1026 1825 Roman
1054 1803 1088 1825 n
1131 1795 1257 1826 12880.
1285 1792 1458 1830 Theincr
1498 1794 1744 1827 Monumenta
1765 1795 1843 1828 Sla-

0 1847 127 1871 vorum
157 1837 456 1873 Meridionalium
485 1838 512 1877 Ι
542 1842 596 1879 78,
625 1839 677 1872 uti
705 1839 968 1873 animadvertit
1009 1839 1095 1873 Nil!
1094 1850 1122 1872 s
1149 1839 1377 1883 (Zeitschiift
1406 1840 1463 1873 fiir
1489 1842 1591 1875 kath
1618 1842 1792 1885 Theolog
1781 1843 1842 1875 ie

0 1884 194 1919 [nnsbruci
225 1889 327 1925 1900
355 1897 388 1929 p.
419 1885 491 1930 11.)
520 1896 593 1919 non
623 1892 832 1920 correctam
860 1886 1063 1920 lectionem
1087 1887 1424 1933 praebuit;qua1e
1451 1899 1470 1921 a
1498 1889 1606 1922 nob3s
1633 1894 1762 1923 textus
1783 1891 1841 1923 hic

0 1933 140 1966 revisus
167 1936 236 1967 est.

436 2090 476 2131 4.
511 2090 629 2131 1250,
662 2091 696 2119 J.
729 2078 985 2126 Decembris,
1021 2079 1169 2133 Povlje
1201 2079 1386 2121 Flamen.

132 2172 323 2224 joannes
369 2175 606 2214 canonicus
653 2173 920 2227 Spalatensis
973 2183 1014 2215 et
1067 2177 1259 2216 notarius
1288 2176 1455 2230 juratus
1497 2177 1737 2228 Pharensis,
1768 2191 1842 2230 ap-

0 2243 207 2294 probante
241 2243 423 2284 Nicolao
459 2246 672 2297 episcopo
707 2246 909 2286 Pharensi
944 2248 1294 2296 instrumentum,
1346 2262 1434 2300 quo
1469 2249 1636 2289 Brecko
1690 2263 1841 2289 comes

0 2312 173 2354 Phariae
205 2314 423 2363 Brachiae,
454 2315 587 2356 Prvos
616 2317 807 2369 jupanus
841 2331 924 2358 una
952 2331 1052 2358 cum
1087 2319 1255 2370 populo
1289 2319 1491 2359 Pharensi
1516 2327 1558 2360 et
1593 2321 1838 2360 Brachiensi

0 2387 260 2426 monasterio
294 2399 327 2426 s.
354 2387 532 2440 Joannis
567 2389 606 2427 in
640 2388 789 2441 Povlje
822 2396 954 2429 terras
977 2390 1156 2439 donant,
1189 2392 1378 2430 croatice
1400 2392 1631 2442 cyrillianis
1667 2392 1840 2432 charac-

0 2456 157 2496 teribus
190 2456 379 2498 conficit.

137 2528 297 2579 Surmin,
325 2539 421 2573 Acta
448 2540 614 2574 croatica
641 2541 667 2580 Ι,
696 2541 902 2586 Zagrabiae
930 2544 1033 2581 1898,
1061 2544 1081 2576 6
1109 2553 1155 2576 ss.

414 2719 459 2760 5.
493 2719 612 2761 1252,
644 2712 714 2749 26.
752 2709 974 2759 Januarii,
1009 2710 1412 2766 Ferusz·2'(Veglen).

137 2799 415 2842 Innocentius
467 2817 579 2856 papa
632 2805 702 2845 IV.
744 2805 989 2846 Fructuoso
1042 2806 1250 2859 Veglensi
1287 2810 1500 2860 episcopo
1554 2808 1762 2859 indulget,
1796 2816 1839 2848 ut

0 2869 222 2911 monachis
273 2872 566 2914 Benedictinis
598 2876 640 2916 S.
692 2875 859 2916 Nicolai
912 2877 967 2917 de
1001 2876 1421 2930 Omisalj,propte1
1472 2879 1837 2918 consuetudinem

0 2940 390 2984 immemorabilem
409 2946 606 2986 eiusdem
625 2949 886 2996 monasterii,
908 2948 1052 2988 divina
1068 2938 1242 2988 officia
1234 2963 1274 2988 in
1298 2950 1524 3003 liturgiaG
1533 2950 1738 3002 lagolito-
1757 2950 1839 2989 Ro-

1 3022 130 3051 mana
177 3012 425 3055 celebrandi
463 3017 677 3057 licentiam
714 3019 962 3058 concedere
996 3021 1145 3071 possit.
