2243 3444
2149 0 2173 50 23

2160 57 2173 121 Ξ

383 194 427 225 46
1067 190 1524 239 Fontesli'turgiae
2164 169 2175 197 ἐ

384 340 625 388 praemisso
659 349 769 379 sonu
804 352 1041 392 campanae
1093 353 1191 380 cum
1227 340 1311 379 hoc
1346 350 1468 378 sacro
1501 345 1701 391 tempore
1735 350 1823 379 non
1855 337 2092 390 pulsentur,
2142 340 2177 389 ul

382 395 666 438 interfuerunt
700 400 927 439 consiliarii
961 412 1143 440 numero
1191 399 1259 447 36,
1284 409 1286 413 ·
1310 405 1562 450 computata
1611 410 1799 451 persona
1847 396 2204 461 Excellentissiq
2242 424 2243 428 =

381 455 561 496 Domini
595 457 743 497 Aureli
778 458 987 498 Barbarae
1020 459 1131 499 Vice
1164 459 1213 499 N.
1248 458 1423 498 Domini
1458 457 1719 499 Archiducis
1741 456 1897 498 vicarii
1925 465 1968 498 et
1996 459 2206 526 substittja

383 530 406 555 a
439 515 687 558 Clarissimo
720 517 772 557 D.
795 518 1165 558 Locutntenentis.
1188 519 1351 570 Ibique,
1385 530 1484 557 cum
1518 519 1599 558 sub
1633 518 1703 558 die
1740 518 1792 557 13
1823 516 1923 573 Maii
1957 519 2056 558 anni
2089 530 2179 573 sup,
2200 522 2206 558 ζ
2241 533 2243 539 ’

383 577 504 616 rioris
538 578 687 616 initum
724 577 873 617 fuisset
908 578 1151 626 consilium,
1188 584 1229 617 et
1273 584 1397 629 capta
1439 590 1549 628 pars,
1583 577 1703 630 quod
1737 578 1784 617 R.
1818 577 1870 617 D.
1904 575 2207 620 Sacerdotib'i

383 633 568 687 Capituli
602 636 727 676 huius
759 635 918 676 Terrae
953 637 1262 688 prohibeantur
1294 637 1515 685 Decimae,
1537 644 1578 676 et
1610 637 1676 690 alij
1713 643 1951 688 prouentus
1985 650 2160 690 quousq
2200 659 2206 678 2

381 693 482 734 huic
533 696 699 746 populo
751 697 1026 736 restituantur
1076 696 1219 736 officia
1272 698 1310 735 in
1355 703 1499 736 nostra
1532 696 1724 736 Materna
1757 697 1902 749 lingua
1947 696 2122 747 illyrica,
2168 700 2206 754 j.

381 756 616 806 antiquitus
663 754 739 794 fuit
772 757 813 794 in
865 756 944 795 hac
998 763 1142 795 nostra
1194 756 1391 795 Ecclesia
1425 755 1674 804 parochiali,
1724 746 2208 809 ReverendissimusqilJ

380 811 432 852 D.
466 813 714 866 Episcopus
747 822 894 855 noster
928 816 1121 855 Polensis
1155 815 1348 854 intendat
1382 822 1501 866 parte
1540 815 1762 866 praedicta
1801 815 2044 856 libertatem
2079 807 2204 854 ece'³'

378 874 596 912 siasticam
631 874 845 914 offensam
878 875 1022 923 fuisse,
1056 882 1097 914 et
1130 881 1360 926 propterea
1393 887 1481 913 non
1515 875 1602 914 vult
1655 876 1878 914 restituere
1912 875 2028 914 dicta
2060 874 2164 915 offic

378 931 525 972 donec
558 934 650 985 ipsa
682 946 779 985 pars
811 940 1074 983 retractetur,
1106 941 1148 974 et
1181 947 1316 987 quum
1349 935 1460 973 absit
1492 934 1602 973 banc
1648 932 2019 975 Communitatem
2070 946 2209 975 cont

382 991 734 1032 Ecclesiasticam
768 994 1009 1033 libertatem
1054 995 1124 1042 ire,
1156 1006 1207 1033 ac
1241 1007 1320 1045 pro
1353 993 1498 1033 danda
1530 993 1824 1033 satisfactione
1868 993 2093 1034 Ecclesiae
2136 1006 2179 1039 n„

385 1064 469 1090 non
505 1054 784 1106 conscientijs
818 1054 974 1093 nostris
1009 1060 1222 1106 quatenus
1255 1053 1371 1092 dicta
1405 1060 1524 1104 parte
1558 1053 1653 1093 illos
1687 1052 2042 1102 offendissemus,
2083 1052 2177 1105 Spe

382 1111 535 1151 tabiles
567 1111 662 1151 DD.
704 1112 879 1164 Judices
925 1119 1261 1165 proposuerunt,
1294 1113 1415 1165 quod
1462 1112 1625 1152 dictum
1663 1113 1891 1152 consilium
1927 1112 1997 1152 die
2033 1113 2085 1152 13
2118 1112 2206 1153 Μ.

384 1178 587 1219 cassetur,
620 1172 826 1220 deleatur,
859 1180 900 1211 et
933 1172 987 1211 ad
1022 1172 1201 1211 nihilum
1236 1173 1478 1220 reducatur,
1499 1173 1688 1225 igneque
1710 1173 1992 1212 comburatur
2013 1173 2131 1212 maxi
2204 1197 2206 1210 2

380 1230 504 1281 quod
519 1230 663 1270 adhuc
679 1232 719 1270 in
736 1231 846 1270 libro
862 1232 1143 1271 consiliorum
1159 1244 1247 1271 non
1270 1232 1348 1271 fuit
1369 1232 1655 1284 registratum,
1678 1232 1816 1284 magis
1831 1232 1932 1284 quia
1947 1232 2035 1272 iure
2052 1232 2173 1272 meri
2200 1271 2203 1278 ,

378 1299 424 1328 et
456 1289 595 1329 forma
628 1290 707 1330 hac
741 1291 905 1330 nullum
940 1291 1124 1340 sedatur,
1157 1293 1257 1343 quia
1289 1292 1469 1343 plenum
1503 1304 1590 1330 non
1624 1291 1703 1331 fuit
1734 1303 1823 1330 non
1857 1291 2104 1331 excedente
2149 1288 2179 1341 ’

383 1360 550 1388 merum
585 1350 653 1399 32,
687 1357 727 1389 et
761 1352 860 1402 quia
893 1352 999 1390 haec
1033 1364 1130 1402 pars
1166 1354 1218 1390 sit
1251 1352 1355 1390 citra
1388 1350 1702 1402 praeiudicium
1738 1350 1950 1402 querendi
1983 1351 2145 1391 debitis
2205 1379 2212 1400 ,-

382 1410 604 1459 permissis
639 1409 808 1462 medijs,
853 1418 898 1449 ut
931 1410 1146 1450 officietur
1179 1411 1295 1450 dicta
1329 1417 1474 1450 nostra
1507 1410 1700 1450 Materna
1744 1410 1889 1463 lingua
1936 1411 1979 1450 in
2021 1410 2172 1462 predi
2206 1428 2211 1447 ι.

380 1474 529 1507 nostra
558 1468 757 1509 Ecclesia
778 1469 952 1509 Maiore.
972 1469 1103 1509 Vnde
1137 1470 1248 1509 datis
1270 1469 1487 1523 suffragijs
1520 1483 1597 1521 per
1630 1481 1786 1519 omnes
1806 1469 2172 1519 [ειυοῑᾶῦἱὶεε,’ῐιι]»
2201 1479 2212 1502 :

381 1527 554 1577 penitus
587 1528 876 1580 discrepante,
909 1529 986 1568 fuit
1046 1542 1230 1578 cassum,
1264 1531 1440 1577 irritum,
1490 1530 1747 1581 nullumque
1799 1528 2007 1568 effectum
2049 1529 2170 1569 dict

380 1586 610 1626 consilium
658 1588 742 1627 diei
780 1589 832 1628 13
865 1588 963 1642 Maij
998 1602 1049 1629 ac
1083 1589 1336 1629 mandatum
1371 1590 1471 1642 igne
1505 1589 1715 1628 comburi.
1762 1588 1816 1628 Et
1847 1589 1909 1628 sic
1944 1588 2023 1629 suit
2073 1588 2176 1630 dim
2209 1631 2213 1634 ,

380 1657 477 1684 sum
512 1647 755 1687 consilium.
2182 1664 2185 1665 ⁷

523 1727 724 1761 Archivum
753 1729 985 1763 Historicum
1014 1730 1304 1764 Communitatis
1332 1729 1513 1763 Fluminis
1540 1730 1577 1763 in
1602 1728 1744 1764 Palatio
1766 1728 2094 1776 Municipali,Mss.
2133 1728 2176 1763 P
2204 1719 2206 1735 ¹¹
2232 1716 2241 1742 Ξ·

384 1772 564 1807 tocollum
593 1774 811 1819 Capitanale
839 1777 876 1812 B.
904 1779 1150 1818 1593—1607,
1180 1777 1201 1812 f.
1230 1781 1287 1815 22.

923 1940 1024 1978 168.
1058 1951 1181 1992 1594,
1206 1953 1265 1990 30
1284 1974 1287 1977 ,
1305 1940 1505 1988 Octobris,
1537 1941 1706 1982 Romae.

380 2171 581 2210 eiusdem
615 2173 874 2214 dioeceseos
907 2178 1148 2227 respondit:
1187 2178 1431 2218 »Parochos
1464 2180 1560 2219 illos
1582 2181 1727 2233 lingua
1750 2181 1916 2232 Illyrica
1937 2182 2170 2222 celebrant
2235 2212 2241 2226 ι

383 2254 494 2292 quos
539 2240 816 2295 (Amplitudo
861 2245 970 2300 Tua)
1016 2250 1166 2288 asserit
1224 2253 1496 2290 correctione
1541 2251 1749 2305 indigere,
1793 2265 1871 2305 pro
1917 2265 1997 2293 suo
2040 2263 2199 2293 mun

382 2313 603 2366 corrigat«

522 2395 723 2429 Archivum
752 2399 968 2442 episcopale
991 2394 1362 2444 Justinopolitanum,
1390 2404 1485 2437 Acta
1513 2404 1683 2448 episcopi
1710 2404 1895 2449 Ingenerii
1923 2404 1989 2440 Ms.
2018 2404 2089 2441 vol.
2117 2405 2161 2447 11,

384 2442 466 2478 181;
495 2440 567 2475 Cfr.
596 2443 765 2485 Pesante,
794 2446 847 2479 La
875 2447 1020 2493 liturgia
1047 2448 1157 2489 slava,
1187 2453 1263 2483 113.
1761 2448 1764 2450 ’

896 2609 992 2653 169.
1027 2617 1150 2659 1594,
1174 2619 1235 2657 30
1273 2606 1475 2658 Octobris,
1511 2609 1701 2650 Petenen.

521 2692 728 2744 Synodus
762 2698 1022 2739 dioecesana
1056 2701 1307 2742 Petenensis
1340 2705 1381 2742 in
1417 2703 1535 2743 Istria
1568 2707 1708 2757 capite
1740 2706 1796 2745 38
1830 2706 2042 2747 decernit:

521 2763 782 2807 Sacerdotes
816 2769 969 2819 Illyrici
1004 2773 1092 2811 sive
1127 2771 1310 2813 Croatae
1344 2766 1597 2825 symbolum
1630 2775 1941 2827 Apostolicum
1966 2791 2088 2818 more
2108 2782 2161 2818 »ἶ
2193 2785 2197 2814 ἲ

379 2835 467 2873 quo
507 2823 638 2921 k{uxta
692 2827 936 2868 Romanum
988 2832 1113 2870 ritum
1171 2832 1340 2872 »Deum
1376 2835 1431 2873 de
1456 2834 1573 2881 Deo,
1625 2836 1771 2875 lumen
1806 2835 1862 2876 de
1895 2837 2058 2878 lumine
2104 2843 2158 2877 et·
2192 2818 2243 2911 {er

379 2889 501 2920 canta
539 2890 623 2922 unt.
914 2922 917 2925 Α
2215 2921 2243 2928 ¹

407 3009 412 3014 ἡ
519 2963 818 3018 Constitutioncs
844 2969 978 3011 synodi
1015 2970 1265 3006 dioecesanae
1292 2973 1512 3008 Petenensis
1546 2976 1583 3008 in
1609 2974 1716 3009 Istria
1742 2979 1786 3009 30
1813 2976 1990 3011 Octobris
2016 2977 2102 3011 anni
2121 2979 2154 3011 1

378 3019 438 3050 pie
466 3015 513 3062 et*
531 3010 712 3063 foelic1te1·
738 3014 784 3047 ab
811 3017 993 3058 episcopo
1021 3017 1186 3062 Georgio
1214 3020 1439 3064 Reitgartlei·
1459 3022 1672 3056 celebratae
1687 3023 1739 3065 (in
1756 3023 1953 3058 Relatione
1979 3024 2160 3058 visitati
2199 3033 2205 3062 71

378 3056 424 3088 ad
473 3058 617 3110 L.¹.s.¹³¹¹‘³
652 3062 924 3102 Apostolorum
965 3065 1132 3098 eiusdem
1173 3068 1369 3110 episcopi),
1412 3070 1681 3104 Authenticum
1724 3071 1758 3104 in
1794 3072 1957 3106 Archivo
1997 3071 2034 3109 S..
2073 3072 2128 3107 Co
2199 3064 2205 3090 ⁴³

379 3102 552 3147 Conc11113
577 3107 685 3153 juxta
712 3114 934 3152 excerptum
963 3111 1223 3153 Crncicianum
1251 3116 1336 3153 anni
1365 3119 1465 3150 1892.
1512 3115 1516 3118 ⁴
