<?xml version="1.0" encoding="UTF-8"?>
<!DOCTYPE html PUBLIC "-//W3C//DTD XHTML 1.0 Transitional//EN"
    "http://www.w3.org/TR/xhtml1/DTD/xhtml1-transitional.dtd">
<html xmlns="http://www.w3.org/1999/xhtml" xml:lang="en" lang="en">
 <head>
  <title>
</title>
<meta http-equiv="Content-Type" content="text/html;charset=utf-8" />
  <meta name='ocr-system' content='tesseract 3.04.00' />
  <meta name='ocr-capabilities' content='ocr_page ocr_carea ocr_par ocr_line ocrx_word'/>
</head>
<body>
  <div class='ocr_page' id='page_1' title='image "./fonteshistoricil00jeliuoft_0169.png"; bbox 0 0 2191 3434; ppageno 0'>
   <div class='ocr_carea' id='block_1_1' title="bbox 579 315 1851 365">
    <p class='ocr_par' dir='ltr' id='par_1_1' title="bbox 579 315 1851 365">
     <span class='ocr_line' id='line_1_1' title="bbox 579 315 1851 365; baseline -0.004 -12"><span class='ocrx_word' id='word_1_1' title='bbox 579 317 1120 365; x_wconf 77' lang='lat' dir='ltr'>Glagolito-Romanae</span> <span class='ocrx_word' id='word_1_2' title='bbox 1168 315 1326 350; x_wconf 93' lang='lat' dir='ltr'><strong>XVII.</strong></span> <span class='ocrx_word' id='word_1_3' title='bbox 1376 326 1413 350; x_wconf 87' lang='lat' dir='ltr'>S.</span> <span class='ocrx_word' id='word_1_4' title='bbox 1809 315 1851 349; x_wconf 84' lang='lat'>13</span> 
     </span>
    </p>
   </div>
   <div class='ocr_carea' id='block_1_2' title="bbox 609 455 1377 509">
    <p class='ocr_par' dir='ltr' id='par_1_2' title="bbox 609 455 1377 509">
     <span class='ocr_line' id='line_1_2' title="bbox 609 455 1377 509; baseline -0.005 -9"><span class='ocrx_word' id='word_1_5' title='bbox 609 461 681 500; x_wconf 87' lang='grc'>40.</span> <span class='ocrx_word' id='word_1_6' title='bbox 713 460 844 509; x_wconf 75' lang='lat'><strong><em>1622,</em></strong></span> <span class='ocrx_word' id='word_1_7' title='bbox 874 457 1088 507; x_wconf 81' lang='lat' dir='ltr'>Jamm‘ca‚</span> <span class='ocrx_word' id='word_1_8' title='bbox 1121 455 1377 509; x_wconf 72' lang='lat' dir='ltr'>Zayrabien.</span> 
     </span>
    </p>
   </div>
   <div class='ocr_carea' id='block_1_3' title="bbox 90 546 1895 745">
    <p class='ocr_par' dir='ltr' id='par_1_3' title="bbox 90 546 1895 745">
     <span class='ocr_line' id='line_1_3' title="bbox 227 546 1891 605; baseline -0.004 -10"><span class='ocrx_word' id='word_1_9' title='bbox 227 553 450 595; x_wconf 88' lang='lat' dir='ltr'>Jamnicae</span> <span class='ocrx_word' id='word_1_10' title='bbox 482 553 526 593; x_wconf 92' lang='lat' dir='ltr'>in</span> <span class='ocrx_word' id='word_1_11' title='bbox 559 551 840 605; x_wconf 81' lang='lat' dir='ltr'>Zagrabiensi</span> <span class='ocrx_word' id='word_1_12' title='bbox 872 550 1062 592; x_wconf 88' lang='lat' dir='ltr'>dioecesi</span> <span class='ocrx_word' id='word_1_13' title='bbox 1108 549 1354 603; x_wconf 80' lang='lat' dir='ltr'>„parochus</span> <span class='ocrx_word' id='word_1_14' title='bbox 1398 547 1609 600; x_wconf 83' lang='lat' dir='ltr'>Georgius</span> <span class='ocrx_word' id='word_1_15' title='bbox 1641 546 1891 598; x_wconf 80' lang='lat' dir='ltr'>Pletikosic‚</span> 
     </span>
     <span class='ocr_line' id='line_1_4' title="bbox 91 616 1895 677; baseline -0.004 -12"><span class='ocrx_word' id='word_1_16' title='bbox 91 623 297 677; x_wconf 83' lang='lat' dir='ltr'>glagolita</span> <span class='ocrx_word' id='word_1_17' title='bbox 330 646 378 652; x_wconf 94' lang='lat'>—</span> <span class='ocrx_word' id='word_1_18' title='bbox 403 646 450 652; x_wconf 93' lang='lat'>—</span> <span class='ocrx_word' id='word_1_19' title='bbox 496 622 794 663; x_wconf 85' lang='lat' dir='ltr'>confessiones</span> <span class='ocrx_word' id='word_1_20' title='bbox 839 620 1064 662; x_wconf 81' lang='lat' dir='ltr'><strong>turmatim</strong></span> <span class='ocrx_word' id='word_1_21' title='bbox 1110 618 1355 672; x_wconf 89' lang='lat' dir='ltr'>accipiens“</span> <span class='ocrx_word' id='word_1_22' title='bbox 1406 641 1448 646; x_wconf 93' lang='lat'>—</span> <span class='ocrx_word' id='word_1_23' title='bbox 1474 641 1523 646; x_wconf 87' lang='lat'>-—</span> <span class='ocrx_word' id='word_1_24' title='bbox 1574 619 1616 658; x_wconf 89' lang='lat' dir='ltr'>et</span> <span class='ocrx_word' id='word_1_25' title='bbox 1643 616 1815 658; x_wconf 90' lang='lat' dir='ltr'>Missale</span> <span class='ocrx_word' id='word_1_26' title='bbox 1845 630 1895 659; x_wconf 90' lang='lat' dir='ltr'>ac</span> 
     </span>
     <span class='ocr_line' id='line_1_5' title="bbox 90 690 1103 745; baseline -0.005 -11"><span class='ocrx_word' id='word_1_27' title='bbox 90 692 361 734; x_wconf 87' lang='lat' dir='ltr'>Breviarium</span> <span class='ocrx_word' id='word_1_28' title='bbox 394 691 688 745; x_wconf 86' lang='lat' dir='ltr'>glagoliticum</span> <span class='ocrx_word' id='word_1_29' title='bbox 720 692 864 732; x_wconf 84' lang='lat' dir='ltr'>lacera</span> <span class='ocrx_word' id='word_1_30' title='bbox 895 690 1103 731; x_wconf 53' lang='lat' dir='ltr'>habensst‘</span> 
     </span>
    </p>
   </div>
   <div class='ocr_carea' id='block_1_4' title="bbox 96 765 1895 863">
    <p class='ocr_par' dir='ltr' id='par_1_4' title="bbox 96 765 1895 863">
     <span class='ocr_line' id='line_1_6' title="bbox 227 765 1895 815; baseline -0.004 -9"><span class='ocrx_word' id='word_1_31' title='bbox 227 771 411 806; x_wconf 75' lang='lat' dir='ltr'>Visitatio</span> <span class='ocrx_word' id='word_1_32' title='bbox 436 771 592 806; x_wconf 88' lang='lat' dir='ltr'>Archid.</span> <span class='ocrx_word' id='word_1_33' title='bbox 625 770 866 806; x_wconf 71' lang='lat' dir='ltr'>Cathedralis</span> <span class='ocrx_word' id='word_1_34' title='bbox 899 769 1191 815; x_wconf 83' lang='lat' dir='ltr'>Zagrabiensis;</span> <span class='ocrx_word' id='word_1_35' title='bbox 1225 766 1297 803; x_wconf 82' lang='lat' dir='ltr'><strong>Gfr.</strong></span> <span class='ocrx_word' id='word_1_36' title='bbox 1331 766 1498 811; x_wconf 67' lang='lat' dir='ltr'>Tkalc&#39;zic,</span> <span class='ocrx_word' id='word_1_37' title='bbox 1535 766 1750 801; x_wconf 85' lang='lat' dir='ltr'>Slavensko</span> <span class='ocrx_word' id='word_1_38' title='bbox 1775 765 1895 812; x_wconf 83' lang='lat' dir='ltr'>bogo-</span> 
     </span>
     <span class='ocr_line' id='line_1_7' title="bbox 96 815 962 863; baseline -0.002 -10"><span class='ocrx_word' id='word_1_39' title='bbox 96 817 221 863; x_wconf 63' lang='lat' dir='ltr'>sluijo</span> <span class='ocrx_word' id='word_1_40' title='bbox 245 829 272 852; x_wconf 93' lang='lat' dir='ltr'>u</span> <span class='ocrx_word' id='word_1_41' title='bbox 296 817 519 863; x_wconf 74' lang='lat' dir='ltr'>Hrvatsk0j‚</span> <span class='ocrx_word' id='word_1_42' title='bbox 544 817 757 860; x_wconf 84' lang='lat' dir='ltr'>Zagrabiae</span> <span class='ocrx_word' id='word_1_43' title='bbox 782 816 884 859; x_wconf 86' lang='lat'>1904,</span> <span class='ocrx_word' id='word_1_44' title='bbox 907 815 962 851; x_wconf 85' lang='lat'>81.</span> 
     </span>
    </p>
   </div>
   <div class='ocr_carea' id='block_1_5' title="bbox 549 965 1438 1020">
    <p class='ocr_par' dir='ltr' id='par_1_5' title="bbox 549 965 1438 1020">
     <span class='ocr_line' id='line_1_8' title="bbox 549 965 1438 1020; baseline -0.004 -10"><span class='ocrx_word' id='word_1_45' title='bbox 549 972 612 1010; x_wconf 89' lang='grc'><strong>41.</strong></span> <span class='ocrx_word' id='word_1_46' title='bbox 646 969 947 1010; x_wconf 79' lang='grc'><strong>1612-1622.</strong></span> <span class='ocrx_word' id='word_1_47' title='bbox 979 966 1150 1020; x_wconf 77' lang='lat' dir='ltr'>Lipnik,</span> <span class='ocrx_word' id='word_1_48' title='bbox 1181 965 1438 1019; x_wconf 77' lang='lat' dir='ltr'>Zayrabz&#39;en.</span> 
     </span>
    </p>
   </div>
   <div class='ocr_carea' id='block_1_6' title="bbox 93 1046 1896 1246">
    <p class='ocr_par' dir='ltr' id='par_1_6' title="bbox 93 1046 1896 1246">
     <span class='ocr_line' id='line_1_9' title="bbox 234 1046 1896 1104; baseline -0.004 -11"><span class='ocrx_word' id='word_1_49' title='bbox 234 1051 390 1093; x_wconf 87' lang='lat' dir='ltr'>Petrus</span> <span class='ocrx_word' id='word_1_50' title='bbox 441 1051 658 1093; x_wconf 76' lang='lat' dir='ltr'>Mikulicic</span> <span class='ocrx_word' id='word_1_51' title='bbox 710 1050 931 1104; x_wconf 81' lang='lat' dir='ltr'>parochus</span> <span class='ocrx_word' id='word_1_52' title='bbox 987 1049 1030 1090; x_wconf 88' lang='lat' dir='ltr'>in</span> <span class='ocrx_word' id='word_1_53' title='bbox 1083 1048 1239 1101; x_wconf 89' lang='lat' dir='ltr'>Lipnik</span> <span class='ocrx_word' id='word_1_54' title='bbox 1289 1047 1593 1101; x_wconf 82' lang='lat' dir='ltr'>Zagrabiensis</span> <span class='ocrx_word' id='word_1_55' title='bbox 1640 1046 1896 1087; x_wconf 88' lang='lat' dir='ltr'>dioeceseos</span> 
     </span>
     <span class='ocr_line' id='line_1_10' title="bbox 93 1120 435 1173; baseline 0.003 -12"><span class='ocrx_word' id='word_1_56' title='bbox 93 1120 298 1173; x_wconf 84' lang='lat' dir='ltr'>glagolita</span> <span class='ocrx_word' id='word_1_57' title='bbox 330 1123 435 1162; x_wconf 87' lang='lat' dir='ltr'>erat.</span> 
     </span>
     <span class='ocr_line' id='line_1_11' title="bbox 228 1196 1313 1246; baseline -0.004 -11"><span class='ocrx_word' id='word_1_58' title='bbox 228 1200 404 1246; x_wconf 58' lang='lat' dir='ltr'>Lopaffiffi,</span> <span class='ocrx_word' id='word_1_59' title='bbox 431 1200 515 1235; x_wconf 82' lang='lat' dir='ltr'>Oko</span> <span class='ocrx_word' id='word_1_60' title='bbox 543 1200 656 1246; x_wconf 84' lang='lat' dir='ltr'>Kupe</span> <span class='ocrx_word' id='word_1_61' title='bbox 682 1200 694 1233; x_wconf 87' lang='lat' dir='ltr'>i</span> <span class='ocrx_word' id='word_1_62' title='bbox 718 1199 888 1242; x_wconf 85' lang='lat' dir='ltr'>Korane,</span> <span class='ocrx_word' id='word_1_63' title='bbox 913 1198 1128 1245; x_wconf 82' lang='lat' dir='ltr'>Zagrabiae</span> <span class='ocrx_word' id='word_1_64' title='bbox 1156 1198 1209 1240; x_wconf 83' lang='lat'>18,</span> <span class='ocrx_word' id='word_1_65' title='bbox 1235 1196 1313 1231; x_wconf 81' lang='lat'><strong>232.</strong></span> 
     </span>
    </p>
   </div>
   <div class='ocr_carea' id='block_1_7' title="bbox 499 1349 1490 1402">
    <p class='ocr_par' dir='ltr' id='par_1_7' title="bbox 499 1349 1490 1402">
     <span class='ocr_line' id='line_1_12' title="bbox 499 1349 1490 1402; baseline -0.003 -9"><span class='ocrx_word' id='word_1_66' title='bbox 499 1354 568 1394; x_wconf 80' lang='grc'>42.</span> <span class='ocrx_word' id='word_1_67' title='bbox 602 1353 732 1402; x_wconf 78' lang='lat'><em>1623,</em></span> <span class='ocrx_word' id='word_1_68' title='bbox 764 1353 827 1393; x_wconf 76' lang='lat'>20</span> <span class='ocrx_word' id='word_1_69' title='bbox 857 1350 1104 1400; x_wconf 54' lang='lat' dir='ltr'>Februarii,</span> <span class='ocrx_word' id='word_1_70' title='bbox 1135 1349 1490 1402; x_wconf 71' lang='lat' dir='ltr'>Justinopolitan.</span> 
     </span>
    </p>
   </div>
   <div class='ocr_carea' id='block_1_8' title="bbox 94 1442 1899 1557">
    <p class='ocr_par' dir='ltr' id='par_1_8' title="bbox 94 1442 1899 1557">
     <span class='ocr_line' id='line_1_13' title="bbox 234 1442 1899 1499; baseline -0.002 -12"><span class='ocrx_word' id='word_1_71' title='bbox 234 1445 479 1499; x_wconf 84' lang='lat' dir='ltr'>Episcopus</span> <span class='ocrx_word' id='word_1_72' title='bbox 509 1445 906 1498; x_wconf 86' lang='lat' dir='ltr'>Justinopolitanus</span> <span class='ocrx_word' id='word_1_73' title='bbox 938 1444 1086 1485; x_wconf 82' lang='lat' dir='ltr'>Rusca</span> <span class='ocrx_word' id='word_1_74' title='bbox 1118 1444 1160 1484; x_wconf 91' lang='lat' dir='ltr'>in</span> <span class='ocrx_word' id='word_1_75' title='bbox 1198 1442 1411 1484; x_wconf 75' lang='lat' dir='ltr'>relatione</span> <span class='ocrx_word' id='word_1_76' title='bbox 1442 1443 1499 1484; x_wconf 88' lang='lat' dir='ltr'>ad</span> <span class='ocrx_word' id='word_1_77' title='bbox 1532 1442 1744 1484; x_wconf 80' lang='lat' dir='ltr'>Nuntium</span> <span class='ocrx_word' id='word_1_78' title='bbox 1777 1443 1899 1495; x_wconf 88' lang='lat' dir='ltr'>Apo-</span> 
     </span>
     <span class='ocr_line' id='line_1_14' title="bbox 94 1512 1622 1557; baseline -0.003 0"><span class='ocrx_word' id='word_1_79' title='bbox 94 1515 296 1557; x_wconf 87' lang='lat' dir='ltr'>stolicum</span> <span class='ocrx_word' id='word_1_80' title='bbox 329 1515 720 1556; x_wconf 87' lang='lat' dir='ltr'>Vindobonensem</span> <span class='ocrx_word' id='word_1_81' title='bbox 753 1515 807 1555; x_wconf 92' lang='lat' dir='ltr'>de</span> <span class='ocrx_word' id='word_1_82' title='bbox 837 1515 953 1556; x_wconf 91' lang='lat' dir='ltr'>statu</span> <span class='ocrx_word' id='word_1_83' title='bbox 983 1513 1178 1555; x_wconf 87' lang='lat' dir='ltr'>eiusdem</span> <span class='ocrx_word' id='word_1_84' title='bbox 1211 1512 1466 1554; x_wconf 84' lang='lat' dir='ltr'>dioeceseos</span> <span class='ocrx_word' id='word_1_85' title='bbox 1499 1512 1622 1554; x_wconf 90' lang='lat' dir='ltr'>data:</span> 
     </span>
    </p>
   </div>
   <div class='ocr_carea' id='block_1_9' title="bbox 91 1605 1901 2055">
    <p class='ocr_par' dir='ltr' id='par_1_9' title="bbox 91 1605 1901 2055">
     <span class='ocr_line' id='line_1_15' title="bbox 237 1605 1895 1662; baseline -0.002 -13"><span class='ocrx_word' id='word_1_86' title='bbox 237 1608 337 1658; x_wconf 86' lang='lat' dir='ltr'>„Ne’</span> <span class='ocrx_word' id='word_1_87' title='bbox 357 1608 528 1661; x_wconf 49' lang='lat' dir='ltr'>villaggi</span> <span class='ocrx_word' id='word_1_88' title='bbox 559 1607 745 1650; x_wconf 89' lang='lat' dir='ltr'>habitati</span> <span class='ocrx_word' id='word_1_89' title='bbox 779 1608 835 1650; x_wconf 91' lang='lat' dir='ltr'>da</span> <span class='ocrx_word' id='word_1_90' title='bbox 867 1607 1043 1649; x_wconf 85' lang='lat' dir='ltr'>Schiavi</span> <span class='ocrx_word' id='word_1_91' title='bbox 1077 1606 1254 1662; x_wconf 89' lang='lat' dir='ltr'>[Slavi]‚</span> <span class='ocrx_word' id='word_1_92' title='bbox 1287 1606 1326 1647; x_wconf 92' lang='lat' dir='ltr'>vi</span> <span class='ocrx_word' id='word_1_93' title='bbox 1359 1619 1470 1647; x_wconf 89' lang='lat' dir='ltr'>sono</span> <span class='ocrx_word' id='word_1_94' title='bbox 1502 1605 1647 1648; x_wconf 90' lang='lat' dir='ltr'>alcuni</span> <span class='ocrx_word' id='word_1_95' title='bbox 1679 1605 1895 1648; x_wconf 86' lang='lat' dir='ltr'>sacerdoti</span> 
     </span>
     <span class='ocr_line' id='line_1_16' title="bbox 93 1663 1899 1719; baseline -0.002 -12"><span class='ocrx_word' id='word_1_96' title='bbox 93 1666 138 1707; x_wconf 88' lang='lat' dir='ltr'>di</span> <span class='ocrx_word' id='word_1_97' title='bbox 170 1666 315 1719; x_wconf 90' lang='lat' dir='ltr'>quella</span> <span class='ocrx_word' id='word_1_98' title='bbox 345 1667 530 1708; x_wconf 90' lang='lat' dir='ltr'>nazione</span> <span class='ocrx_word' id='word_1_99' title='bbox 563 1680 585 1708; x_wconf 93' lang='lat' dir='ltr'>e</span> <span class='ocrx_word' id='word_1_100' title='bbox 616 1667 778 1719; x_wconf 86' lang='lat' dir='ltr'>lingua,</span> <span class='ocrx_word' id='word_1_101' title='bbox 812 1666 891 1707; x_wconf 89' lang='lat' dir='ltr'>che</span> <span class='ocrx_word' id='word_1_102' title='bbox 923 1666 1119 1707; x_wconf 87' lang='lat' dir='ltr'>recitano</span> <span class='ocrx_word' id='word_1_103' title='bbox 1151 1664 1179 1705; x_wconf 92' lang='lat' dir='ltr'>li</span> <span class='ocrx_word' id='word_1_104' title='bbox 1222 1663 1356 1706; x_wconf 90' lang='lat' dir='ltr'>divini</span> <span class='ocrx_word' id='word_1_105' title='bbox 1389 1663 1504 1719; x_wconf 86' lang='lat' dir='ltr'>ufficj</span> <span class='ocrx_word' id='word_1_106' title='bbox 1539 1666 1581 1705; x_wconf 86' lang='lat' dir='ltr'>et</span> <span class='ocrx_word' id='word_1_107' title='bbox 1607 1663 1653 1705; x_wconf 91' lang='lat' dir='ltr'>la</span> <span class='ocrx_word' id='word_1_108' title='bbox 1686 1663 1726 1705; x_wconf 83' lang='lat' dir='ltr'>S.</span> <span class='ocrx_word' id='word_1_109' title='bbox 1757 1664 1899 1705; x_wconf 90' lang='lat' dir='ltr'>Messa</span> 
     </span>
     <span class='ocr_line' id='line_1_17' title="bbox 95 1721 1898 1766; baseline -0.001 -2"><span class='ocrx_word' id='word_1_110' title='bbox 95 1723 192 1765; x_wconf 88' lang='lat' dir='ltr'>nell&#39;</span> <span class='ocrx_word' id='word_1_111' title='bbox 216 1724 381 1765; x_wconf 90' lang='lat' dir='ltr'>idioma</span> <span class='ocrx_word' id='word_1_112' title='bbox 423 1724 601 1766; x_wconf 87' lang='lat' dir='ltr'>schiavo</span> <span class='ocrx_word' id='word_1_113' title='bbox 644 1724 838 1766; x_wconf 90' lang='lat' dir='ltr'>secondo</span> <span class='ocrx_word' id='word_1_114' title='bbox 882 1724 923 1764; x_wconf 91' lang='lat' dir='ltr'>la</span> <span class='ocrx_word' id='word_1_115' title='bbox 971 1723 1231 1765; x_wconf 88' lang='lat' dir='ltr'>traduzione</span> <span class='ocrx_word' id='word_1_116' title='bbox 1273 1722 1316 1763; x_wconf 91' lang='lat' dir='ltr'>di</span> <span class='ocrx_word' id='word_1_117' title='bbox 1359 1721 1402 1763; x_wconf 84' lang='lat' dir='ltr'>S.</span> <span class='ocrx_word' id='word_1_118' title='bbox 1437 1721 1755 1764; x_wconf 89' lang='lat' dir='ltr'>Girolamo....</span> <span class='ocrx_word' id='word_1_119' title='bbox 1791 1724 1832 1762; x_wconf 86' lang='lat' dir='ltr'>et</span> <span class='ocrx_word' id='word_1_120' title='bbox 1864 1722 1898 1762; x_wconf 90' lang='lat' dir='ltr'>si</span> 
     </span>
     <span class='ocr_line' id='line_1_18' title="bbox 91 1779 1900 1835; baseline -0.002 -12"><span class='ocrx_word' id='word_1_121' title='bbox 91 1781 246 1823; x_wconf 88' lang='lat' dir='ltr'>tollera</span> <span class='ocrx_word' id='word_1_122' title='bbox 278 1785 368 1823; x_wconf 88' lang='lat' dir='ltr'>cosi</span> <span class='ocrx_word' id='word_1_123' title='bbox 398 1795 478 1835; x_wconf 91' lang='lat' dir='ltr'>per</span> <span class='ocrx_word' id='word_1_124' title='bbox 508 1782 727 1824; x_wconf 88' lang='lat' dir='ltr'>soddisfar</span> <span class='ocrx_word' id='word_1_125' title='bbox 758 1781 842 1824; x_wconf 92' lang='lat' dir='ltr'>alla</span> <span class='ocrx_word' id='word_1_126' title='bbox 872 1781 1076 1823; x_wconf 88' lang='lat' dir='ltr'>barbarie</span> <span class='ocrx_word' id='word_1_127' title='bbox 1109 1781 1153 1822; x_wconf 91' lang='lat' dir='ltr'>di</span> <span class='ocrx_word' id='word_1_128' title='bbox 1185 1780 1259 1822; x_wconf 86' lang='lat' dir='ltr'>tali</span> <span class='ocrx_word' id='word_1_129' title='bbox 1280 1779 1449 1833; x_wconf 87' lang='lat' dir='ltr'>popoli,</span> <span class='ocrx_word' id='word_1_130' title='bbox 1484 1780 1564 1821; x_wconf 86' lang='lat' dir='ltr'>che</span> <span class='ocrx_word' id='word_1_131' title='bbox 1595 1793 1686 1821; x_wconf 90' lang='lat' dir='ltr'>non</span> <span class='ocrx_word' id='word_1_132' title='bbox 1717 1779 1900 1820; x_wconf 90' lang='lat' dir='ltr'>alimen-</span> 
     </span>
     <span class='ocr_line' id='line_1_19' title="bbox 92 1837 1899 1892; baseline -0.002 -11"><span class='ocrx_word' id='word_1_133' title='bbox 92 1840 325 1881; x_wconf 86' lang='lat' dir='ltr'>terebbero</span> <span class='ocrx_word' id='word_1_134' title='bbox 368 1840 602 1881; x_wconf 78' lang='lat' dir='ltr'>altrimenti</span> <span class='ocrx_word' id='word_1_135' title='bbox 648 1841 730 1881; x_wconf 85' lang='lat' dir='ltr'>essi</span> <span class='ocrx_word' id='word_1_136' title='bbox 777 1839 1008 1889; x_wconf 82' lang='lat' dir='ltr'>sacerdoti,</span> <span class='ocrx_word' id='word_1_137' title='bbox 1051 1839 1064 1880; x_wconf 88' lang='lat' dir='ltr'>i</span> <span class='ocrx_word' id='word_1_138' title='bbox 1107 1838 1224 1892; x_wconf 88' lang='lat' dir='ltr'>quali</span> <span class='ocrx_word' id='word_1_139' title='bbox 1272 1837 1366 1879; x_wconf 91' lang='lat' dir='ltr'>solo</span> <span class='ocrx_word' id='word_1_140' title='bbox 1400 1837 1441 1879; x_wconf 92' lang='lat' dir='ltr'>d&#39;</span> <span class='ocrx_word' id='word_1_141' title='bbox 1457 1838 1692 1879; x_wconf 89' lang='lat' dir='ltr'>elemosine</span> <span class='ocrx_word' id='word_1_142' title='bbox 1723 1837 1899 1886; x_wconf 86' lang='lat' dir='ltr'>vivono,</span> 
     </span>
     <span class='ocr_line' id='line_1_20' title="bbox 95 1893 1900 1949; baseline -0.001 -11"><span class='ocrx_word' id='word_1_143' title='bbox 95 1910 185 1939; x_wconf 90' lang='lat' dir='ltr'>non</span> <span class='ocrx_word' id='word_1_144' title='bbox 216 1898 416 1939; x_wconf 84' lang='lat' dir='ltr'>havendo</span> <span class='ocrx_word' id='word_1_145' title='bbox 464 1898 504 1939; x_wconf 91' lang='lat' dir='ltr'>le</span> <span class='ocrx_word' id='word_1_146' title='bbox 545 1897 703 1939; x_wconf 91' lang='lat' dir='ltr'>Chiese</span> <span class='ocrx_word' id='word_1_147' title='bbox 744 1911 804 1938; x_wconf 92' lang='lat' dir='ltr'>un</span> <span class='ocrx_word' id='word_1_148' title='bbox 846 1897 971 1938; x_wconf 90' lang='lat' dir='ltr'>soldo</span> <span class='ocrx_word' id='word_1_149' title='bbox 1004 1896 1185 1949; x_wconf 87' lang='lat' dir='ltr'>proprio</span> <span class='ocrx_word' id='word_1_150' title='bbox 1229 1895 1471 1937; x_wconf 86' lang='lat' dir='ltr'>d&#39;entrata.</span> <span class='ocrx_word' id='word_1_151' title='bbox 1503 1893 1760 1948; x_wconf 84' lang='lat' dir='ltr'>Invigillano</span> <span class='ocrx_word' id='word_1_152' title='bbox 1793 1897 1900 1947; x_wconf 86' lang='lat' dir='ltr'>pero</span> 
     </span>
     <span class='ocr_line' id='line_1_21' title="bbox 98 1953 1901 2009; baseline -0.001 -14"><span class='ocrx_word' id='word_1_153' title='bbox 98 1955 181 1996; x_wconf 92' lang='lat' dir='ltr'>essi</span> <span class='ocrx_word' id='word_1_154' title='bbox 215 1955 432 1996; x_wconf 87' lang='lat' dir='ltr'>sacerdoti</span> <span class='ocrx_word' id='word_1_155' title='bbox 465 1968 596 2009; x_wconf 84' lang='lat' dir='ltr'>sopra</span> <span class='ocrx_word' id='word_1_156' title='bbox 628 1955 669 1997; x_wconf 93' lang='lat' dir='ltr'>la</span> <span class='ocrx_word' id='word_1_157' title='bbox 700 1955 894 1997; x_wconf 86' lang='lat' dir='ltr'>dottrina</span> <span class='ocrx_word' id='word_1_158' title='bbox 927 1954 1175 1996; x_wconf 89' lang='lat' dir='ltr'>Christiana</span> <span class='ocrx_word' id='word_1_159' title='bbox 1206 1956 1247 1995; x_wconf 91' lang='lat' dir='ltr'>et</span> <span class='ocrx_word' id='word_1_160' title='bbox 1279 1954 1398 1994; x_wconf 83' lang='lat' dir='ltr'>viver</span> <span class='ocrx_word' id='word_1_161' title='bbox 1430 1953 1661 2004; x_wconf 84' lang='lat' dir='ltr'>catholico,</span> <span class='ocrx_word' id='word_1_162' title='bbox 1695 1956 1737 1994; x_wconf 87' lang='lat' dir='ltr'>et</span> <span class='ocrx_word' id='word_1_163' title='bbox 1769 1966 1815 1994; x_wconf 88' lang='lat' dir='ltr'>se</span> <span class='ocrx_word' id='word_1_164' title='bbox 1846 1966 1901 1993; x_wconf 91' lang='lat' dir='ltr'>ne</span> 
     </span>
     <span class='ocr_line' id='line_1_22' title="bbox 96 2012 724 2055; baseline 0 -1"><span class='ocrx_word' id='word_1_165' title='bbox 96 2012 207 2054; x_wconf 88' lang='lat' dir='ltr'>vede</span> <span class='ocrx_word' id='word_1_166' title='bbox 237 2013 350 2054; x_wconf 90' lang='lat' dir='ltr'>assai</span> <span class='ocrx_word' id='word_1_167' title='bbox 381 2013 503 2055; x_wconf 88' lang='lat' dir='ltr'>buon</span> <span class='ocrx_word' id='word_1_168' title='bbox 537 2013 724 2054; x_wconf 85' lang='lat' dir='ltr'>effetto.“</span> 
     </span>
    </p>
   </div>
   <div class='ocr_carea' id='block_1_10' title="bbox 237 2089 1902 2139">
    <p class='ocr_par' dir='ltr' id='par_1_10' title="bbox 237 2089 1902 2139">
     <span class='ocr_line' id='line_1_23' title="bbox 237 2089 1902 2139; baseline -0.002 -12"><span class='ocrx_word' id='word_1_169' title='bbox 237 2092 353 2127; x_wconf 81' lang='lat' dir='ltr'>Curia</span> <span class='ocrx_word' id='word_1_170' title='bbox 371 2093 485 2138; x_wconf 85' lang='lat' dir='ltr'>episc.</span> <span class='ocrx_word' id='word_1_171' title='bbox 504 2093 679 2139; x_wconf 76' lang='lat' dir='ltr'>Tergest.</span> <span class='ocrx_word' id='word_1_172' title='bbox 698 2092 895 2138; x_wconf 66' lang='lat' dir='ltr'>Jusssinop.</span> <span class='ocrx_word' id='word_1_173' title='bbox 914 2103 946 2126; x_wconf 87' lang='lat' dir='ltr'>a.</span> <span class='ocrx_word' id='word_1_174' title='bbox 966 2091 1065 2134; x_wconf 79' lang='lat'>1867,</span> <span class='ocrx_word' id='word_1_175' title='bbox 1078 2103 1114 2137; x_wconf 91' lang='lat' dir='ltr'>p.</span> <span class='ocrx_word' id='word_1_176' title='bbox 1134 2091 1217 2135; x_wconf 77' lang='lat'>1363</span> <span class='ocrx_word' id='word_1_177' title='bbox 1243 2090 1423 2133; x_wconf 76' lang='lat' dir='ltr'>Pesante,</span> <span class='ocrx_word' id='word_1_178' title='bbox 1440 2090 1497 2124; x_wconf 86' lang='lat' dir='ltr'>La</span> <span class='ocrx_word' id='word_1_179' title='bbox 1513 2089 1672 2136; x_wconf 72' lang='lat' dir='ltr'>liturgia</span> <span class='ocrx_word' id='word_1_180' title='bbox 1689 2089 1807 2131; x_wconf 76' lang='lat' dir='ltr'>slava‚</span> <span class='ocrx_word' id='word_1_181' title='bbox 1826 2089 1902 2123; x_wconf 86' lang='lat'>111.</span> 
     </span>
    </p>
   </div>
   <div class='ocr_carea' id='block_1_11' title="bbox 513 2241 1485 2296">
    <p class='ocr_par' dir='ltr' id='par_1_11' title="bbox 513 2241 1485 2296">
     <span class='ocr_line' id='line_1_24' title="bbox 513 2241 1485 2296; baseline -0.003 -10"><span class='ocrx_word' id='word_1_182' title='bbox 513 2247 585 2286; x_wconf 81' lang='lat'>43.</span> <span class='ocrx_word' id='word_1_183' title='bbox 627 2246 755 2295; x_wconf 77' lang='lat'><em>1624,</em></span> <span class='ocrx_word' id='word_1_184' title='bbox 789 2247 844 2285; x_wconf 89' lang='grc'>10</span> <span class='ocrx_word' id='word_1_185' title='bbox 875 2243 1047 2294; x_wconf 74' lang='lat' dir='ltr'>Martii,</span> <span class='ocrx_word' id='word_1_186' title='bbox 1082 2242 1279 2293; x_wconf 69' lang='lat' dir='ltr'>Drvac,</span> <span class='ocrx_word' id='word_1_187' title='bbox 1314 2241 1485 2296; x_wconf 68' lang='lat' dir='ltr'>Sequen.</span> 
     </span>
    </p>
   </div>
   <div class='ocr_carea' id='block_1_12' title="bbox 100 2335 1899 2603">
    <p class='ocr_par' dir='ltr' id='par_1_12' title="bbox 100 2335 1899 2530">
     <span class='ocr_line' id='line_1_25' title="bbox 236 2335 1896 2393; baseline -0.003 -13"><span class='ocrx_word' id='word_1_188' title='bbox 236 2338 467 2393; x_wconf 84' lang='lat' dir='ltr'>Presbyter</span> <span class='ocrx_word' id='word_1_189' title='bbox 508 2337 698 2380; x_wconf 81' lang='lat' dir='ltr'>Mathias</span> <span class='ocrx_word' id='word_1_190' title='bbox 745 2337 895 2379; x_wconf 72' lang='lat' dir='ltr'>Gercic</span> <span class='ocrx_word' id='word_1_191' title='bbox 936 2336 1134 2378; x_wconf 87' lang='lat' dir='ltr'>notarius</span> <span class='ocrx_word' id='word_1_192' title='bbox 1177 2335 1377 2389; x_wconf 88' lang='lat' dir='ltr'>publicus</span> <span class='ocrx_word' id='word_1_193' title='bbox 1420 2335 1704 2390; x_wconf 78' lang='lat' dir='ltr'>Hreljinensis</span> <span class='ocrx_word' id='word_1_194' title='bbox 1737 2335 1896 2375; x_wconf 85' lang='lat' dir='ltr'>instru-</span> 
     </span>
     <span class='ocr_line' id='line_1_26' title="bbox 100 2404 1899 2460; baseline -0.002 -12"><span class='ocrx_word' id='word_1_195' title='bbox 100 2411 294 2450; x_wconf 85' lang='lat' dir='ltr'>mentum</span> <span class='ocrx_word' id='word_1_196' title='bbox 337 2408 550 2450; x_wconf 89' lang='lat' dir='ltr'>iudicialis</span> <span class='ocrx_word' id='word_1_197' title='bbox 597 2407 905 2449; x_wconf 77' lang='lat' dir='ltr'>confimationis</span> <span class='ocrx_word' id='word_1_198' title='bbox 952 2406 1064 2447; x_wconf 88' lang='lat' dir='ltr'>inter</span> <span class='ocrx_word' id='word_1_199' title='bbox 1114 2406 1411 2447; x_wconf 82' lang='lat' dir='ltr'>Buccarenses</span> <span class='ocrx_word' id='word_1_200' title='bbox 1459 2408 1500 2446; x_wconf 92' lang='lat' dir='ltr'>et</span> <span class='ocrx_word' id='word_1_201' title='bbox 1531 2406 1828 2460; x_wconf 83' lang='lat' dir='ltr'>Hreljinenses</span> <span class='ocrx_word' id='word_1_202' title='bbox 1876 2404 1899 2444; x_wconf 92' lang='lat'><strong>7</strong></span> 
     </span>
     <span class='ocr_line' id='line_1_27' title="bbox 100 2475 1335 2530; baseline -0.002 -11"><span class='ocrx_word' id='word_1_203' title='bbox 100 2477 359 2519; x_wconf 87' lang='lat' dir='ltr'>Novembris</span> <span class='ocrx_word' id='word_1_204' title='bbox 394 2477 500 2518; x_wconf 78' lang='lat'><strong>1437</strong></span> <span class='ocrx_word' id='word_1_205' title='bbox 535 2477 778 2530; x_wconf 81' lang='lat' dir='ltr'>glagolitice</span> <span class='ocrx_word' id='word_1_206' title='bbox 811 2476 1071 2526; x_wconf 86' lang='lat' dir='ltr'>confectum,</span> <span class='ocrx_word' id='word_1_207' title='bbox 1105 2475 1335 2529; x_wconf 81' lang='lat' dir='ltr'>exemplat.</span> 
     </span>
    </p>

    <p class='ocr_par' dir='ltr' id='par_1_13' title="bbox 239 2551 1295 2603">
     <span class='ocr_line' id='line_1_28' title="bbox 239 2551 1295 2603; baseline -0.003 -11"><span class='ocrx_word' id='word_1_208' title='bbox 239 2551 406 2600; x_wconf 81' lang='lat' dir='ltr'>Surmin,</span> <span class='ocrx_word' id='word_1_209' title='bbox 431 2558 533 2592; x_wconf 79' lang='lat' dir='ltr'>Acta.</span> <span class='ocrx_word' id='word_1_210' title='bbox 558 2556 727 2592; x_wconf 77' lang='lat' dir='ltr'>croatica.</span> <span class='ocrx_word' id='word_1_211' title='bbox 750 2556 780 2599; x_wconf 85' lang='grc' dir='ltr'>Ι,</span> <span class='ocrx_word' id='word_1_212' title='bbox 805 2555 1022 2603; x_wconf 84' lang='lat' dir='ltr'>Zagrabiae</span> <span class='ocrx_word' id='word_1_213' title='bbox 1052 2555 1148 2598; x_wconf 78' lang='lat'><strong>1898,</strong></span> <span class='ocrx_word' id='word_1_214' title='bbox 1175 2555 1241 2589; x_wconf 82' lang='lat'>146</span> <span class='ocrx_word' id='word_1_215' title='bbox 1265 2566 1295 2590; x_wconf 85' lang='lat' dir='ltr'>s.</span> 
     </span>
    </p>
   </div>
   <div class='ocr_carea' id='block_1_13' title="bbox 779 2707 1221 2762">
    <p class='ocr_par' dir='ltr' id='par_1_14' title="bbox 779 2707 1221 2762">
     <span class='ocr_line' id='line_1_29' title="bbox 779 2707 1221 2762; baseline 0.002 -14"><span class='ocrx_word' id='word_1_216' title='bbox 779 2710 847 2749; x_wconf 83' lang='grc'>44.</span> <span class='ocrx_word' id='word_1_217' title='bbox 887 2709 1016 2749; x_wconf 81' lang='grc'><strong>1624.</strong></span> <span class='ocrx_word' id='word_1_218' title='bbox 1051 2707 1221 2762; x_wconf 73' lang='lat' dir='ltr'>Seynen.</span> 
     </span>
    </p>
   </div>
   <div class='ocr_carea' id='block_1_14' title="bbox 101 2797 1903 3144">
    <p class='ocr_par' dir='ltr' id='par_1_15' title="bbox 101 2797 1903 3064">
     <span class='ocr_line' id='line_1_30' title="bbox 237 2797 1899 2856; baseline -0.004 -13"><span class='ocrx_word' id='word_1_219' title='bbox 237 2802 428 2845; x_wconf 83' lang='lat' dir='ltr'>Joannes</span> <span class='ocrx_word' id='word_1_220' title='bbox 451 2803 649 2856; x_wconf 81' lang='lat' dir='ltr'>Baptista</span> <span class='ocrx_word' id='word_1_221' title='bbox 670 2802 913 2856; x_wconf 84' lang='lat' dir='ltr'>Episcopus</span> <span class='ocrx_word' id='word_1_222' title='bbox 942 2802 1163 2844; x_wconf 90' lang='lat' dir='ltr'>Seniensis</span> <span class='ocrx_word' id='word_1_223' title='bbox 1187 2805 1228 2843; x_wconf 89' lang='lat' dir='ltr'>et</span> <span class='ocrx_word' id='word_1_224' title='bbox 1250 2799 1591 2842; x_wconf 87' lang='lat' dir='ltr'>Modrusciensis</span> <span class='ocrx_word' id='word_1_225' title='bbox 1623 2812 1783 2840; x_wconf 88' lang='lat' dir='ltr'>novam</span> <span class='ocrx_word' id='word_1_226' title='bbox 1809 2797 1899 2838; x_wconf 89' lang='lat' dir='ltr'>edi-</span> 
     </span>
     <span class='ocr_line' id='line_1_31' title="bbox 101 2868 1903 2925; baseline -0.003 -13"><span class='ocrx_word' id='word_1_227' title='bbox 101 2871 266 2914; x_wconf 85' lang='lat' dir='ltr'>tionem</span> <span class='ocrx_word' id='word_1_228' title='bbox 288 2872 500 2913; x_wconf 86' lang='lat' dir='ltr'>librorum</span> <span class='ocrx_word' id='word_1_229' title='bbox 524 2871 744 2925; x_wconf 82' lang='lat' dir='ltr'>Liturgiae</span> <span class='ocrx_word' id='word_1_230' title='bbox 767 2872 1239 2925; x_wconf 85' lang='lat' dir='ltr'>Glagolito-Romanae</span> <span class='ocrx_word' id='word_1_231' title='bbox 1266 2874 1355 2913; x_wconf 90' lang='lat' dir='ltr'>tam</span> <span class='ocrx_word' id='word_1_232' title='bbox 1379 2870 1421 2911; x_wconf 88' lang='lat' dir='ltr'>in</span> <span class='ocrx_word' id='word_1_233' title='bbox 1445 2869 1613 2924; x_wconf 84' lang='lat' dir='ltr'>synodo</span> <span class='ocrx_word' id='word_1_234' title='bbox 1642 2868 1903 2909; x_wconf 86' lang='lat' dir='ltr'>dioecesana</span> 
     </span>
     <span class='ocr_line' id='line_1_32' title="bbox 103 2937 1900 2994; baseline -0.004 -13"><span class='ocrx_word' id='word_1_235' title='bbox 103 2941 369 2991; x_wconf 88' lang='lat' dir='ltr'>Bribiriensi‚</span> <span class='ocrx_word' id='word_1_236' title='bbox 403 2954 535 2994; x_wconf 88' lang='lat' dir='ltr'>quam</span> <span class='ocrx_word' id='word_1_237' title='bbox 566 2941 788 2982; x_wconf 85' lang='lat' dir='ltr'>mediante</span> <span class='ocrx_word' id='word_1_238' title='bbox 819 2941 1110 2983; x_wconf 87' lang='lat' dir='ltr'>Franciscano</span> <span class='ocrx_word' id='word_1_239' title='bbox 1144 2940 1375 2982; x_wconf 83' lang='lat' dir='ltr'>Francisco</span> <span class='ocrx_word' id='word_1_240' title='bbox 1410 2938 1603 2981; x_wconf 80' lang='lat' dir='ltr'>Glavinic</span> <span class='ocrx_word' id='word_1_241' title='bbox 1635 2937 1900 2987; x_wconf 81' lang='lat' dir='ltr'>cooperante</span> 
     </span>
     <span class='ocr_line' id='line_1_33' title="bbox 103 3006 1900 3064; baseline -0.004 -13"><span class='ocrx_word' id='word_1_242' title='bbox 103 3010 315 3052; x_wconf 90' lang='lat' dir='ltr'>Bosnensi</span> <span class='ocrx_word' id='word_1_243' title='bbox 348 3011 555 3064; x_wconf 89' lang='lat' dir='ltr'>episcopo</span> <span class='ocrx_word' id='word_1_244' title='bbox 586 3011 757 3052; x_wconf 89' lang='lat' dir='ltr'>Tomko</span> <span class='ocrx_word' id='word_1_245' title='bbox 791 3010 1010 3052; x_wconf 80' lang='lat' dir='ltr'>Marnavic</span> <span class='ocrx_word' id='word_1_246' title='bbox 1042 3010 1160 3063; x_wconf 86' lang='lat' dir='ltr'>apud</span> <span class='ocrx_word' id='word_1_247' title='bbox 1192 3010 1417 3050; x_wconf 86' lang='lat' dir='ltr'>Urbanum</span> <span class='ocrx_word' id='word_1_248' title='bbox 1444 3006 1538 3048; x_wconf 84' lang='lat' dir='ltr'>VIII</span> <span class='ocrx_word' id='word_1_249' title='bbox 1570 3018 1731 3059; x_wconf 85' lang='lat' dir='ltr'>papam</span> <span class='ocrx_word' id='word_1_250' title='bbox 1765 3006 1900 3045; x_wconf 85' lang='lat' dir='ltr'>curat.</span> 
     </span>
    </p>

    <p class='ocr_par' dir='ltr' id='par_1_16' title="bbox 247 3084 1901 3144">
     <span class='ocr_line' id='line_1_34' title="bbox 247 3084 1901 3144; baseline -0.005 -12"><span class='ocrx_word' id='word_1_251' title='bbox 247 3091 461 3142; x_wconf 85' lang='lat' dir='ltr'>„Joannes</span> <span class='ocrx_word' id='word_1_252' title='bbox 503 3091 701 3144; x_wconf 86' lang='lat' dir='ltr'>Baptista</span> <span class='ocrx_word' id='word_1_253' title='bbox 746 3091 991 3144; x_wconf 85' lang='lat' dir='ltr'>Episcopus</span> <span class='ocrx_word' id='word_1_254' title='bbox 1033 3090 1256 3133; x_wconf 85' lang='lat' dir='ltr'>Seniensis</span> <span class='ocrx_word' id='word_1_255' title='bbox 1297 3087 1448 3130; x_wconf 80' lang='lat' dir='ltr'>XLVII</span> <span class='ocrx_word' id='word_1_256' title='bbox 1490 3091 1531 3128; x_wconf 88' lang='lat' dir='ltr'>et</span> <span class='ocrx_word' id='word_1_257' title='bbox 1563 3084 1901 3127; x_wconf 85' lang='lat' dir='ltr'>Modrussiensis</span> 
     </span>
    </p>
   </div>
   <div class='ocr_carea' id='block_1_15' title="bbox 104 3142 1901 3260">
    <p class='ocr_par' dir='ltr' id='par_1_17' title="bbox 104 3142 1901 3260">
     <span class='ocr_line' id='line_1_35' title="bbox 104 3142 1901 3202; baseline -0.004 -14"><span class='ocrx_word' id='word_1_258' title='bbox 104 3146 212 3190; x_wconf 90' lang='lat' dir='ltr'>XIV.</span> <span class='ocrx_word' id='word_1_259' title='bbox 249 3173 297 3178; x_wconf 93' lang='lat'>—</span> <span class='ocrx_word' id='word_1_260' title='bbox 332 3150 461 3190; x_wconf 92' lang='lat' dir='ltr'>Anno</span> <span class='ocrx_word' id='word_1_261' title='bbox 497 3149 617 3190; x_wconf 68' lang='lat'>1624.</span> <span class='ocrx_word' id='word_1_262' title='bbox 652 3149 879 3202; x_wconf 87' lang='lat' dir='ltr'>Synodum</span> <span class='ocrx_word' id='word_1_263' title='bbox 912 3149 1220 3190; x_wconf 86' lang='lat' dir='ltr'>dioecesanam</span> <span class='ocrx_word' id='word_1_264' title='bbox 1252 3148 1296 3188; x_wconf 86' lang='lat' dir='ltr'>in</span> <span class='ocrx_word' id='word_1_265' title='bbox 1334 3146 1546 3199; x_wconf 87' lang='lat' dir='ltr'>oppidum</span> <span class='ocrx_word' id='word_1_266' title='bbox 1579 3142 1761 3184; x_wconf 83' lang='lat' dir='ltr'>Briberii</span> <span class='ocrx_word' id='word_1_267' title='bbox 1796 3154 1901 3182; x_wconf 88' lang='lat' dir='ltr'>con-</span> 
     </span>
     <span class='ocr_line' id='line_1_36' title="bbox 104 3198 1900 3260; baseline -0.004 -13"><span class='ocrx_word' id='word_1_268' title='bbox 104 3205 300 3255; x_wconf 79' lang='lat' dir='ltr'>vocavit;</span> <span class='ocrx_word' id='word_1_269' title='bbox 340 3206 385 3248; x_wconf 92' lang='lat' dir='ltr'>in</span> <span class='ocrx_word' id='word_1_270' title='bbox 426 3219 515 3260; x_wconf 85' lang='lat' dir='ltr'>qua</span> <span class='ocrx_word' id='word_1_271' title='bbox 555 3219 654 3248; x_wconf 89' lang='lat' dir='ltr'>cum</span> <span class='ocrx_word' id='word_1_272' title='bbox 696 3207 780 3249; x_wconf 86' lang='lat' dir='ltr'>alia</span> <span class='ocrx_word' id='word_1_273' title='bbox 829 3207 1053 3260; x_wconf 90' lang='lat' dir='ltr'>praeclare</span> <span class='ocrx_word' id='word_1_274' title='bbox 1100 3205 1335 3247; x_wconf 87' lang='lat' dir='ltr'>constituta</span> <span class='ocrx_word' id='word_1_275' title='bbox 1385 3206 1486 3244; x_wconf 86' lang='lat' dir='ltr'>sunt</span> <span class='ocrx_word' id='word_1_276' title='bbox 1527 3201 1583 3243; x_wconf 82' lang='lat' dir='ltr'>ad</span> <span class='ocrx_word' id='word_1_277' title='bbox 1626 3198 1900 3252; x_wconf 87' lang='lat' dir='ltr'>disciplinam</span> 
     </span>
    </p>
   </div>
  </div>
 </body>
</html>
