2191 3434
613 325 1149 368 Glagolito-Romanae
1175 326 1269 361 XIX.
1297 337 1325 361 s.
1529 336 1533 339 ·
1776 328 1820 364 69

88 468 272 512 episcopo
298 466 468 510 jadrensi
496 466 531 502 S.
564 467 859 510 Congregationi
881 468 1050 510 missum,
1086 469 1163 502 erat
1197 468 1341 505 Rituale
1376 469 1541 503 Venetae
1577 469 1870 504 Miosevicianae

88 515 264 550 editionis
290 515 391 557 1827,
420 516 454 549 et
482 515 585 559 quod
613 515 712 549 idem
735 505 870 549 Crucic'
908 525 982 549 una
1015 525 1099 549 cum
1128 515 1271 558 collega
1311 515 1509 550 Canonico
1547 516 1591 551 C.
1619 516 1757 558 Parem,
1784 527 1869 560 pro-

89 564 256 607 ponente
283 561 570 606 archiepiscopo
596 562 766 605 Jadrensi
794 562 955 606 Maupas
984 573 1083 596 anno
1113 563 1215 605 1878,
1253 562 1298 597 ab
1327 563 1458 598 eadem
1488 562 1522 598 S.
1552 563 1870 606 Congregatione,

87 610 137 645 ad
174 620 333 653 „novam
361 610 565 644 editionem
593 609 757 645 Missalis
785 609 918 645 Slavici
946 620 1011 645 seu
1041 609 1248 645 Slavonici“
1280 611 1482 645 curandam
1512 611 1714 655 deputatus
1740 610 1870 646 iuerat.

620 741 696 784 80.
735 741 873 793 1878,
907 741 974 782 27
991 740 1119 795 sulii,
1155 740 1342 787 Romae.

233 838 273 878 S.
299 838 592 888 Congregatio
619 838 671 876 de
697 837 979 888 Propaganda
1003 838 1103 877 Fide
1124 836 1282 878 Carolo
1307 838 1449 878 Parcic
1474 840 1682 878 canonico
1708 839 1747 879 S.
1773 841 1872 879 l-lie-

89 911 256 963 ronymi
305 907 587 950 Slavonorum
638 909 691 948 de
740 909 857 949 Urbe
904 907 1219 948 absolutionem
1266 910 1489 960 incoeptae
1536 911 1616 950 iam
1650 911 1872 950 revisionis

89 979 275 1023 Missalis
309 979 729 1031 Olagolito-Romani
765 978 946 1030 delegat.

151 1066 235 1105 N'O
266 1066 299 1104 l'
990 1121 1110 1162 Dana
1146 1124 1429 1174 Propaganda
1463 1125 1517 1164 27
1555 1122 1705 1174 Luglio
1748 1126 1872 1164 1878.

233 1217 474 1259 Volendosi
508 1219 752 1269 ristampare
800 1216 823 1258 il
861 1216 1020 1261 Rituale
1067 1220 1260 1261 Romano
1307 1220 1347 1258 in
1392 1217 1535 1269 lingua
1585 1218 1703 1259 Slava
1751 1220 1803 1259 ed
1848 1217 1872 1259 il

91 1276 276 1318 Messale
310 1276 400 1318 cosi
436 1278 549 1318 detto
592 1276 867 1327 Glagolitico‚
916 1290 941 1317 ο
977 1276 1101 1317 513νο
1148 1278 1315 1327 Antico,
1361 1291 1437 1329 per
1482 1280 1566 1318 fare
1614 1291 1715 1319 cosa
1760 1283 1873 1329 grata

94 1336 339 1377 all‘Arciv.0
375 1338 416 1377 di
449 1339 566 1385 Zara,
603 1337 656 1377 ed
690 1336 856 1377 ai'suoi
899 1335 1113 1387 Colleghi,
1150 1337 1170 1377 ‘e
1216 1342 1320 1378 stato
1367 1339 1534 1378 invitato
1578 1340 1658 1378 M.r
1693 1338 1873 1379 Cerncie'

95 1398 137 1437 di
171 1409 396 1448 preparare
432 1409 514 1436 eon
548 1398 596 1437 V.
623 1396 662 1436 S.
688 1395 713 1436 il
748 1395 909 1436 lavoro.

236 1455 261 1496 ll
297 1457 553 1496 sottoscritto
601 1456 767 1506 Seg.rio
804 1454 914 1495 della
949 1455 988 1495 S.
1017 1456 1179 1506 Congr.
1226 1456 1267 1495 di
1314 1457 1596 1507 Propaganda
1643 1469 1695 1496 ne
1742 1457 1873 1497 rende

91 1529 166 1556 ora
190 1517 382 1556 avvertita
405 1517 453 1556 V.
479 1515 518 1555 S.
543 1514 652 1555 nella
676 1517 890 1555 sicurezza
916 1516 994 1555 che
1018 1514 1103 1554 Ella
1123 1514 1214 1555 sara
1238 1517 1532 1566 compiacente
1558 1517 1598 1555 di
1624 1529 1872 1556 assumerne

91 1574 334 1624 l’1near1eo,
370 1576 423 1615 ed
458 1577 613 1615 Intanto
655 1588 737 1615 con
772 1573 809 1614 la
845 1575 1000 1614 dovuta
1051 1576 1170 1615 stima
1216 1576 1250 1615 si
1296 1588 1499 1625 rassegna
1542 1576 1595 1615 Di
1617 1577 1665 1616 V.
1692 1575 1731 1616 S.
1758 1577 1874 1618 Rma

1332 1671 1513 1710 Dev.mo
1549 1670 1679 1710 Servo

1274 1754 1326 1794 G.
1352 1754 1395 1793 Β.
1415 1753 1575 1793 Anozzi
1610 1767 1664 1794 m.
1690 1767 1730 1804 p.

96 1815 217 1856 R.mo
253 1813 337 1863 Sig.
364 1813 470 1853 C.co
506 1813 557 1852 D.
585 1811 712 1853 Carlo
748 1813 904 1852 Parcic'.

238 1906 291 1988 {X
330 1905 552 1950 apographo
592 1915 612 1939 3
650 1905 790 1940 Carolo
827 1905 954 1940 Parcic'
992 1904 1179 1948 confecto,
1219 1906 1321 1950 quod
1361 1906 1461 1949 apud
1500 1905 1529 1949 J.
1559 1905 1708 1940 Prodan
1745 1906 1878 1950 Jadrae

95 1963 250 1989 asserva
268 1963 320 1988 ur.

413 2073 488 2115 81.
527 2073 664 2123 1878,
701 2072 963 2127 Zagrabicze
998 2072 1212 2121 (Bostzetz.
1249 2074 1292 2114 et
1323 2073 1560 2127 Syrmietz).

243 2188 400 2229 Rituale
435 2188 672 2229 Romanum
707 2187 851 2237 lingua
887 2187 1067 2226 croatica
1101 2188 1277 2237 vulgari,
1320 2188 1398 2226 iam
1434 2199 1544 2226 anno
1586 2189 1694 2227 1640
1730 2200 1750 2226 3
1785 2188 1878 2226 ssar-

97 2259 347 2298 tholomaeo
384 2258 506 2301 Kasic
541 2257 580 2299 S.
602 2259 635 2308 J.
660 2270 827 2297 versum
873 2262 910 2297 et
953 2259 1060 2310 typis
1101 2257 1140 2297 S.
1172 2258 1534 2309 Congregationis
1569 2258 1878 2309 Propagandae

99 2330 213 2370 fidei
261 2330 418 2369 editum
467 2329 570 2378 [Cfr.
606 2331 759 2369 Fontes
804 2330 909 2369 XVII
944 2342 976 2369 s.
1002 2330 1053 2368 Ν.
1094 2330 1206 2378 109],
1250 2342 1349 2369 cura
1396 2332 1435 2370 et
1481 2330 1684 2380 impensis
1717 2330 1876 2380 Joseph

99 2401 278 2452 Georgii
314 2401 601 2452 Strossmayer
640 2399 833 2451 episcopi
869 2401 1100 2440 Bosnensis
1143 2404 1181 2440 et
1215 2400 1466 2452 Syrmiensis
1504 2402 1646 2451 quinta
1679 2402 1769 2441 vice
1804 2402 1878 2439 im-

99 2473 301 2522 primitur.

241 2540 350 2585 Juxta
377 2541 566 2585 exemplar
592 2541 628 2575 in
657 2541 858 2576 cathedrali
885 2540 1117 2576 Diakovensi
1144 2542 1387 2576 asservatum.

647 2673 723 2714 82.
763 2673 1114 2722 1877-1880,
1137 2671 1326 2726 jadrae.

248 2768 558 2817 „Arcidiacono
594 2768 850 2819 Capitolare,
886 2769 1184 2809 Protonotario
1221 2768 1472 2818 Apostolico
1509 2767 1636 2807 Carlo
1673 2768 1877 2807 Federico

100 2850 186 2878 cav.
224 2839 420 2878 Bianchi“
459 2840 499 2878 in
535 2851 667 2889 opere
706 2840 833 2887 „Zara
868 2841 1058 2880 cristiana
1094 2839 1286 2878 dedicata
1321 2851 1341 2878 a
1376 2838 1415 2879 S.
1451 2839 1544 2878 Ecc.
1570 2839 1708 2878 Mons.
1741 2839 1877 2877 pietro

101 2910 259 2949 Doimo
295 2910 554 2949 Alessandro
590 2911 782 2960 Maupas‚
818 2912 1091 2950 arcivescovo
1115 2910 1155 2949 di
1180 2910 1296 2956 Zara,
1334 2909 1601 2958 metropolita
1637 2909 1746 2947 della
1782 2908 1878 2946 Dal-

102 2981 257 3020 mazia“
297 2993 420 3020 usum
462 2982 631 3031 linguae
666 2982 844 3021 slavicae
889 2982 1107 3031 liturgicae
1141 2984 1222 3020 tam
1258 2982 1296 3019 in
1332 2981 1491 3019 civitate
1524 2980 1715 3029 jadrensi
1752 2991 1876 3027 quam

101 3051 142 3090 in
186 3052 400 3101 parochiis
446 3051 630 3092 foraneis
677 3053 869 3092 eiusdem
914 3053 1172 3091 dioeceseos
1218 3051 1485 3101 praeteritum
1532 3054 1568 3089 et
1613 3053 1876 3099 praesentem

101 3122 322 3162 describit:

245 3193 298 3232 La
332 3194 497 3243 liturgia
521 3193 657 3234 Sacra.
679 3217 733 3221 ——
759 3193 877 3233 Sotto
911 3194 946 3232 la
970 3193 1269 3232 dominazione
1296 3191 1409 3242 degli
1444 3191 1549 3230 513νί
1585 3191 1616 3229 s'
1637 3190 1877 3229 introdusse

103 3252 143 3290 in
176 3252 279 3291 Zara
314 3253 349 3291 la
384 3253 528 3303 lingua
569 3253 662 3292 loro
699 3254 738 3292 in
773 3254 922 3292 alcune
969 3253 1071 3302 parti
1117 3252 1227 3290 della
1274 3252 1451 3301 liturgia.
1509 3250 1637 3288 Onde
1671 3249 1877 3287 troviamo
