2191 3434
562 301 1097 349 Glagolito-Romanae
1145 299 1302 335 XVII.
1353 312 1388 336 s.
1808 301 1830 336 9

215 446 398 498 „Magna
427 457 530 497 pars
563 443 830 486 Curatorum
873 441 1085 485 Villarum
1118 442 1309 484 celebrat
1338 440 1509 495 Illyrico
1542 441 1766 491 idiomate,
1808 455 1876 484 re-

74 504 182 558 liqui
213 516 317 545 vero
349 502 547 544 Latino“.

210 594 491 629 Authenticum
517 593 556 627 in
588 593 759 628 Archivo
798 593 832 627 S.
864 593 1000 639 Congr.
1028 591 1191 627 Concilii
1223 590 1263 625 in
1288 590 1496 627 Tabulario
1521 591 1731 636 Vaticano;
1761 592 1878 639 juxta.

75 645 301 688 excerptum
337 640 608 676 Crncicianum
642 639 732 674 anni
767 639 874 683 1892;
912 639 977 674 ubi
1010 637 1343 680 animadvertitur,
1378 637 1512 672 eadem
1550 638 1675 673 relata
1709 650 1795 674 esse
1830 639 1876 674 ab

75 688 212 724 eodem
236 687 418 734 episcopo
446 686 544 728 1615,
570 686 659 721 1619
685 690 724 721 et
749 685 847 720 1623.

603 853 677 892 22.
711 852 831 899 1614,
860 852 920 891 30
951 850 1150 903 Auyusti‚
1181 849 1352 892 Romae.

215 944 561 997 Christophorus
609 944 798 986 Suriano
854 944 1023 997 legatus
1068 943 1303 985 Veneticus
1356 943 1411 985 de
1457 943 1650 985 adventu
1696 943 1876 985 Joannis

74 1015 231 1057 Tonko
263 1014 484 1056 Marnavic
517 1014 813 1056 Sibenicensis
846 1013 1085 1055 Canonici:
1125 1026 1288 1066 „vengo
1311 1013 1570 1062 assicurato,
1602 1013 1681 1055 che
1713 1013 1879 1054 doven-

75 1084 172 1127 dosi
203 1083 355 1126 tradur
387 1086 427 1125 et
459 1086 656 1137 stampar
684 1083 715 1124 li
748 1083 909 1125 Missali
943 1086 983 1125 et
1016 1082 1223 1138 Breviarij
1273 1082 1388 1124 dalla
1418 1082 1567 1136 lingua
1598 1082 1733 1125 latina
1765 1083 1879 1125 nella

74 1154 312 1196 schiavona
339 1166 418 1207 per
449 1153 657 1195 benefitio
690 1153 760 1194 dei
791 1153 943 1206 popoli
977 1152 1091 1194 della
1123 1152 1324 1203 Bossina,
1346 1152 1460 1194 della
1495 1152 1712 1194 Dalmatia
1743 1155 1882 1194 stessa

73 1224 144 1265 nei
175 1223 323 1265 luochi
355 1223 470 1276 posti
503 1223 658 1265 dentro
682 1223 709 1264 il
732 1223 951 1264 territorio
986 1222 1055 1264 del
1079 1222 1187 1275 Sigr.
1221 1222 1409 1271 Turco“,
1442 1222 1498 1264 ad
1529 1222 1882 1276 propositionem

75 1293 267 1335 Verantii
300 1292 494 1346 episcopi
538 1291 824 1334 Cenadiensis
865 1292 1087 1334 mediante
1126 1291 1289 1333 Nuntio
1331 1291 1589 1345 Apostolico
1632 1291 1882 1333 Venetiensi

75 1375 101 1404 a
139 1361 363 1404 Cardinali
400 1362 629 1403 Praefecto
675 1362 717 1404 S.
767 1361 1131 1415 Congregationis
1173 1361 1304 1415 Prop.
1352 1361 1474 1403 Fidei
1525 1360 1655 1403 Serra
1699 1361 1879 1403 iubente

76 1431 258 1474 Summo
305 1431 520 1473 Pontifice
566 1432 757 1473 Romam
797 1434 1003 1473 vocatum
1050 1431 1183 1472 fuisse
1226 1431 1462 1481 Marnavic,
1515 1430 1589 1484 qui
1637 1430 1881 1472 versionem

75 1502 279 1544 slavicam
312 1501 356 1543 in
389 1501 595 1543 omnibus
626 1501 863 1555 perfectam
894 1501 1107 1542 librorum
1151 1500 1477 1554 praedictorum
1511 1500 1597 1542 iarn
1630 1500 1880 1553 perfecerit,

75 1574 122 1613 ut
154 1572 330 1614 assistat
359 1571 650 1625 impressioni.

213 1663 360 1709 Ljubic‚
389 1662 576 1710 Ogledalo
602 1662 809 1708 knjiievne
833 1661 1004 1708 povjesti
1024 1661 1342 1708 jugoslavenske,
1369 1660 1493 1696 Rieka
1519 1661 1618 1704 1864,
1643 1661 1672 1707 1,
1699 1662 1752 1696 44.

657 1829 730 1870 23.
762 1829 1065 1878 1602—1618,
1100 1825 1296 1870 Sibenici.

215 1921 391 1963 Statuta
432 1921 702 1974 synodorum
751 1921 1110 1963 dioecesanarum
1165 1919 1511 1963 Sibenicensium
1554 1921 1702 1974 quoad
1754 1933 1882 1962 usum

76 1991 274 2045 liturgiae
307 1990 781 2044 Glagolito-Romanae
814 1991 857 2032 in
891 1991 1044 2032 eadem
1080 1990 1301 2032 dioecesi:

216 2085 339 2126 1602.
377 2084 608 2137 „Synodus
629 2084 790 2132 Prima,
824 2083 1171 2125 Constitutiones
1195 2086 1237 2125 et
1259 2084 1458 2133 Decreta,
1491 2083 1554 2125 De
1587 2083 1874 2126 Sacramento

74 2141 376 2185 Poenitentiae
408 2167 463 2172 --
496 2142 659 2184 Omnes
692 2140 955 2184 Confessarii
985 2155 1075 2183 non
1098 2142 1182 2184 alia
1205 2144 1384 2183 utantur
1406 2142 1697 2183 absolutionis
1721 2143 1874 2193 forma,

79 2213 212 2254 quam
244 2200 480 2250 communi,
507 2201 632 2255 Juxta
665 2200 797 2242 ritum
840 2200 1028 2241 Sanctae
1061 2200 1291 2241 Romanae
1334 2200 1566 2250 Ecclesiae,
1601 2201 1722 2254 quod
1754 2214 1881 2253 prae-

77 2258 204 2310 cipue
235 2258 594 2300 animadvertant
616 2257 771 2312 Illyrici
806 2257 1084 2307 Sacerdotes,
1132 2258 1207 2311 qui
1239 2258 1458 2300 curabunt
1487 2258 1608 2299 illam
1641 2258 1804 2300 habere
1836 2259 1879 2300 in

77 2328 228 2358 eorum
258 2315 407 2369 lingua
437 2317 662 2358 traslatam
694 2315 806 2358 infra
836 2316 1072 2357 terminum
1104 2316 1355 2369 quindecim
1390 2316 1602 2358 dierum“.

217 2396 338 2438 1611.
390 2397 619 2450 „Synodus
660 2397 821 2439 Tertia.
870 2397 1215 2439 Constitutiones
1263 2400 1305 2438 et
1352 2397 1563 2438 Decreta:
1616 2397 1680 2438 11.
1728 2396 1879 2438 Nullus

77 2453 315 2504 parochus,
371 2468 452 2496 nec
498 2456 629 2497 etiam
676 2455 856 2497 clericus
904 2455 1206 2509 cujuscunque
1252 2455 1413 2508 gradus
1457 2457 1498 2496 et
1544 2455 1767 2508 dignitatis
1815 2456 1883 2504 sit,

77 2512 238 2554 audeat
268 2513 356 2554 ullo
396 2513 532 2555 modo
574 2513 617 2555 in
661 2513 852 2555 ecclesiis
894 2513 1080 2566 publicis
1121 2515 1212 2554 tam
1246 2513 1289 2554 in
1333 2512 1491 2560 Missis,
1535 2526 1667 2566 quam
1711 2513 1752 2553 in
1786 2513 1880 2555 aliis

79 2570 384 2612 occasionibus
421 2571 577 2624 legere,
618 2572 686 2612 vel
728 2571 961 2613 decantare
1002 2571 1234 2624 Epistolas,
1283 2570 1350 2612 vel
1393 2570 1628 2622 Evangelia
1659 2570 1701 2611 in
1733 2570 1881 2623 lingua

79 2627 256 2682 Illyrica,
291 2629 373 2670 nisi
405 2629 448 2669 in
480 2629 730 2670 missalibus
760 2629 804 2670 in
836 2629 952 2670 dicta
973 2628 1120 2681 lingua
1143 2628 1309 2681 Illyrica
1331 2628 1562 2681 inscriptis,
1595 2628 1661 2669 vel
1694 2628 1877 2681 impres-

79 2685 136 2726 sis
168 2687 249 2728 sub
281 2690 450 2739 poena“
485 2689 564 2728 etc.

221 2767 341 2808 1618.
378 2767 608 2820 „Synodus
633 2767 807 2817 Quinta.
834 2767 1180 2808 Constitutiones
1204 2769 1245 2807 et
1268 2765 1475 2808 Decreta:
1510 2765 1879 2807 Constitutionem

80 2836 106 2865 a
136 2824 264 2865 nobis
298 2848 347 2854 —-
382 2825 464 2866 sub
498 2825 568 2866 die
598 2825 653 2867 ΞΟ
685 2825 825 2866 Martii
863 2825 969 2867 1617
1007 2825 1140 2867 latam
1177 2848 1223 2855 -
1259 2824 1364 2866 item
1407 2824 1461 2865 de
1494 2824 1657 2865 clericis
1688 2823 1882 2878 Illyricae

80 2880 266 2934 linguae,
300 2882 375 2936 qui
408 2882 648 2935 Glagolitae
679 2885 1004 2936 nuncupantur,
1047 2883 1103 2924 ad
1137 2882 1313 2923 ordines
1356 2882 1548 2935 majores
1581 2895 1669 2922 non
1703 2894 1883 2933 promo-

82 2939 246 2995 vendis,
277 2940 360 2981 nisi
390 2953 469 2992 per
501 2940 704 2981 trienium
738 2940 780 2981 in
813 2941 895 2982 hac
936 2942 1087 2981 nostra
1119 2940 1241 2987 urbe,
1274 2939 1339 2980 vel
1383 2940 1466 2981 alla
1498 2939 1651 2980 studiis
1685 2942 1725 2979 et
1757 2939 1884 2979 bonis

82 2997 279 3038 moribus
312 3010 490 3051 operam
523 2997 789 3040 laudabilem
830 2997 1098 3047 navaverint,
1143 3000 1329 3038 navatae
1378 3010 1539 3049 operae
1570 2996 1884 3037 testimoniales

82 3053 264 3096 idoneas
295 3054 460 3097 litteras
493 3056 549 3097 ab
595 3069 646 3097 eo
693 3055 916 3108 magistro,
958 3055 1077 3108 apud
1111 3068 1241 3108 quem
1284 3055 1562 3107 profecerint,
1596 3054 1883 3101 exhibuerint,

83 3110 359 3162 innovamus,
393 3115 432 3153 et
464 3113 661 3167 synodali
694 3113 956 3155 auctoritate
988 3112 1289 3154 roboramus,“

218 3203 375 3245 Farlati,
400 3203 596 3249 Illyricum
623 3205 792 3249 Sacrum,
818 3203 883 3246 IV,
908 3203 986 3245 485,
1012 3203 1090 3245 486,
1116 3203 1194 3236 491.
