2191 3434
520 301 1058 349 Glag'olito-Romanae
1106 300 1290 336 XVIII.
1341 312 1374 335 s.
1763 300 1803 335 51

645 445 745 484 102.
778 444 898 484 1778
927 455 974 490 0.,
1006 440 1236 494 Rayusien.

179 537 300 578 Unus
331 536 505 587 linguae
537 535 755 576 croaticae
797 534 986 587 vulgaris
1019 533 1062 574 in
1094 532 1289 586 Epistola
1333 536 1375 574 et
1408 533 1450 573 in
1483 532 1718 583 Evangelio
1752 545 1849 584 per-

39 606 234 659 legendis
266 606 309 646 in
341 604 534 646 ecclesiis
566 605 754 646 foraneis
787 603 1071 657 Ragusiensis
1104 603 1382 644 dioeceseos:

183 699 328 747 „Tutti
360 698 372 738 i
404 697 578 750 parroci
609 697 797 738 Foranei
831 696 963 751 [della
995 695 1171 737 Diocesi
1210 694 1254 735 di
1286 693 1499 749 Ragusa}
1530 694 1648 746 dopo
1674 696 1847 734 cantato

39 757 64 798 l'
83 756 319 809 Evangelio
362 756 406 796 in
451 756 601 801 latino.
634 768 744 796 sono
785 754 966 807 obligati
1009 767 1034 794 a
1077 753 1270 795 cantarlo
1305 752 1347 793 in
1379 753 1528 805 lingua
1561 751 1739 799 illirica·,
1771 764 1850 803 per

40 817 196 867 questo
230 813 423 867 ogniuno
458 813 501 854 di
544 811 637 853 loro
681 813 789 853 deve
831 824 959 853 avere
990 810 1230 864 l'Epistole
1263 810 1313 851 ed
1349 808 1572 862 Evangelii
1606 809 1648 849 in
1679 808 1844 850 illirico.

38 872 246 924 stampati
277 884 355 925 per
385 872 426 912 la
458 871 623 911 diocesi
655 870 699 911 di
729 870 921 923 Ragusa.
956 868 1092 910 Come
1120 880 1229 921 pure
1262 868 1288 908 il
1321 867 1497 908 Rituale
1530 867 1681 907 illirico
1714 869 1847 907 statn-

39 933 142 984 pato
177 930 234 971 da
265 929 602 982 Propagandass.

175 1019 325 1061 Mattei,
351 1019 537 1054 Memorie
565 1019 664 1054 sulla
690 1018 821 1053 chiesa
848 1018 885 1051 di
911 1018 1082 1064 Ragusa.
1108 1017 1177 1059 ΠΙ,
1204 1017 1283 1057 403,
1309 1017 1385 1051 406.

617 1172 715 1211 103.
749 1172 1057 1219 1739-1778,
1101 1168 1263 1222 Veylen.

175 1265 420 1318 Episcopus
455 1264 676 1317 Veglensis
708 1263 864 1304 Petrus
906 1263 1126 1304 Antonius
1170 1261 1435 1302 Zuccherius
1469 1260 1649 1301 clericos
1685 1260 1843 1311 Glago-

35 1336 134 1377 litos
167 1335 222 1377 ad
254 1334 450 1375 studium
480 1334 656 1386 linguae
687 1334 848 1374 latinae
882 1346 932 1375 ac
965 1332 1306 1374 veteroslavicae
1341 1330 1519 1382 obligat.

174 1427 312 1479 „Cum
359 1440 502 1468 sermo
549 1426 743 1479 Illyricus
784 1426 980 1467 litteralis
1012 1425 1179 1478 vulg-ari
1221 1424 1458 1477 plurimum
1494 1422 1678 1469 differat,
1727 1422 1844 1463 haud

35 1499 208 1540 semper
238 1498 376 1536 secus,
410 1498 543 1538 quam
576 1485 632 1526 ab
665 1484 774 1526 Italo
805 1485 996 1526 Latinus.
1031 1486 1071 1524 et
1104 1497 1129 1524 a
1164 1482 1333 1534 vvulgari
1367 1482 1558 1523 Graecus
1592 1481 1743 1521 itidem
1775 1481 1846 1520 lit-

36 1544 241 1592 terarius:
286 1544 426 1585 clerici
471 1542 625 1596 Illyrici
673 1543 903 1584 discebant
945 1542 1138 1594 quidem.
1183 1543 1224 1581 et
1264 1541 1408 1592 legere
1441 1540 1639 1580 sciebant
1671 1539 1845 1579 codices

36 1603 220 1644 divinos.
254 1604 296 1643 et
326 1601 549 1653 liturgicos
582 1601 746 1653 Illyrice
779 1602 977 1652 scriptos.
1023 1600 1099 1640 sed
1133 1611 1247 1652 quae
1286 1598 1365 1639 illis
1398 1597 1614 1638 sententia
1647 1596 1845 1650 subjecta

35 1663 148 1702 esset
178 1660 352 1713 penitus
384 1660 670 1712 ignorabant;
705 1672 803 1699 cuin
846 1659 1021 1710 linguae
1061 1656 1258 1711 Illyricae
1290 1656 1526 1697 litterariae
1560 1655 1846 1707 intelligentia

37 1732 216 1771 prorsus
249 1720 458 1759 carerent.
490 1716 578 1758 Illis
611 1717 760 1769 itaque
788 1716 1043 1757 huiusmodi
1086 1728 1233 1757 sacros
1281 1715 1455 1756 codices
1488 1714 1640 1754 litteris
1672 1715 1844 1754 nostra—

35 1777 150 1818 tibus
182 1778 224 1817 et
255 1776 420 1817 Latinis
462 1775 745 1828 explicandos
795 1773 966 1830 [Petrus
1009 1774 1228 1815 Antonius
1272 1771 1526 1825 Zucherius]
1563 1771 1754 1819 curavit;
1803 1774 1845 1812 et

32 1835 206 1887 linguae
238 1835 467 1887 utriusque
496 1832 691 1886 Illyricae
724 1835 766 1874 et
798 1833 979 1875 Latinae
1002 1832 1299 1873 addiscendae
1323 1832 1462 1883 legem
1486 1829 1710 1883 imposuit.
1742 1829 1840 1870 Non

37 1893 266 1934 defuerant
311 1892 504 1945 quidem,
550 1892 625 1944 qui
666 1891 842 1944 perutili
885 1891 986 1931 huic
1032 1890 1214 1931 consilio
1254 1890 1522 1942 inventoque
1570 1888 1842 1928 obstiterent.

34 1953 166 2004 atque
198 1950 257 1991 illi
300 1951 610 1999 obtrectarent,
652 1949 773 2002 quod
814 1962 979 1989 novum
1022 1951 1064 1989 et
1105 1948 1361 1989 inusitatum
1404 1946 1634 1998 utriusque
1671 1946 1843 1997 linguae

33 2009 343 2063 percipiendae
375 2021 486 2049 onus
519 2007 686 2048 clericis
719 2007 989 2060 imponebat.
1031 2006 1414 2048 Obtrectatoribus
1451 2004 1670 2045 silentium
1704 2003 1843 2044 indic-

34 2071 150 2116 tum3
181 2067 318 2108 valuit
349 2067 583 2108 auctoritas
615 2065 835 2119 Episcopi.
870 2068 911 2106 et
942 2065 1217 2118 praeclarum
1240 2064 1488 2105 institutum
1522 2062 1702 2103 tenuit.“

177 2157 334 2201 Parlati,
359 2157 556 2203 Illyricum
585 2157 756 2200 Sacrum,
785 2156 826 2199 V,
851 2156 928 2191 315.

590 2311 687 2350 104.
720 2311 1028 2358 1742—1748‚
1066 2307 1288 2350 Parentin.

174 2404 340 2457 Caspai·
371 2402 498 2455 Negri
534 2403 768 2456 episcopus
800 2402 1059 2445 Parentinus
1092 2403 1135 2444 in
1175 2402 1431 2443 Visitatione
1464 2400 1665 2442 Generali
1699 2399 1841 2440 Gano-

34 2473 133 2514 nica
167 2473 378 2514 mandat:

177 2565 539 2618 „Mompadernoz
574 2565 665 2606 (sslhe
697 2565 759 2606 sia
792 2566 1039 2618 aggiustato
1074 2565 1101 2606 il
1133 2564 1315 2606 Messale
1347 2564 1518 2605 Latino.

172 2623 383 2664 Garoiba:
418 2622 509 2664 Che
541 2624 608 2664 nel
641 2623 823 2664 Messale
857 2623 1010 2664 Latino
1044 2623 1165 2664 sieno
1198 2623 1314 2676 posti
1347 2622 1375 2663 li
1408 2621 1530 2663 Santi
1565 2620 1690 2661 Novi.

171 2680 357 2722 Bercaz:
391 2681 455 2722 sia
487 2684 725 2733 governato
760 2682 785 2722 il
812 2680 1077 2723 SchiavettO.

171 2739 280 2781 Villa
311 2739 354 2779 di
386 2738 612 2791 Rovigno:
647 2740 726 2779 che
759 2740 822 2780 sia
854 2739 1129 2793 provveduto
1163 2752 1221 2779 un
1254 2738 1429 2778 Hituale
1463 2736 1655 2777 Latino.“

147 2849 149 2851 -
170 2830 362 2878 Excerpta
387 2841 434 2864 ex
459 2830 757 2865 visitationibus·
785 2830 1038 2866 Generalibus
1075 2830 1280 2864 Canonicis
1307 2829 1477 2874 episcopi
1503 2827 1661 2873 Casperi
1688 2827 1829 2871 >legi-i:

37 2873 215 2917 Pesante.
239 2876 295 2910 La
321 2876 480 2922 liturgia
498 2877 607 2911 slava
633 2877 708 2911 127.

654 3031 750 3073 105.
782 3032 913 3078 1779,
946 3027 1222 3081 justinopoli.

171 3117 220 3162 In
253 3123 420 3175 synodo
454 3122 716 3163 dioecesana
756 3122 1126 3174 Justinopolitana
1158 3123 1356 3173 tempore
1390 3118 1581 3171 episcopi
1627 3118 1834 3157 Hunis-acii

22 3188 92 3238 ‚de
123 3189 262 3231 Ponte
295 3191 513 3233 celebrata
546 3191 689 3245 capite
717 3193 755 3233 Ξ).
790 3192 1017 3233 statuitur:
