2191 3434
612 272 1161 315 Glagolito-Romanae
1188 274 1282 309 XIX.
1309 284 1338 308 s.
1778 278 1819 311 97

223 420 281 458 Et
314 418 478 458 Sacra
514 418 713 458 eadem
752 419 1154 469 Congregaffio,
1196 419 1260 457 ad
1297 418 1631 459 relationem
1673 421 1870 461 Secre-

77 479 237 526 tatii,
288 478 492 517 audito
543 479 711 517 etiam
763 481 898 518 voto
950 478 1454 518 Commissionis
1504 481 1871 531 Liturgicae‚

81 539 327 579 attentis
372 539 672 588 expositis
717 538 1122 587 omnibusque
1167 540 1501 588 perpensis,
1550 542 1870 589 proposito

80 598 263 638 dubio
298 597 793 648 respondendum
830 599 1088 637 censuit:

227 658 569 708 „Negative“
620 658 778 707 juxta
825 658 1080 696 Litteras
1127 657 1209 698 SS.
1259 658 1483 700 Rituum
1533 658 1872 710 Congrega-

79 718 267 758 tionis
317 717 402 758 dd.
454 719 477 756 5
527 717 785 767 Augusti
842 717 964 757 1898.
1016 717 1201 767 Atque
1253 719 1327 757 ita
1377 719 1709 768 rescripsit.
1769 719 1873 758 Die

86 780 135 818 18
169 777 517 817 novembris
560 778 683 817 1898.

81 838 158 884 L.†
191 836 231 876 S.
1134 836 1182 876 C.
1221 837 1348 876 Card.
1384 835 1586 877 Mazzella
1622 837 1753 876 Praef.

1251 921 1315 961 D:
1340 921 1479 959 Panici
1513 919 1669 959 Secret.

225 1027 334 1068 Cum
371 1039 481 1078 poro
518 1028 658 1067 Nobis
694 1039 714 1066 a
751 1026 899 1066 Sancta
945 1026 1056 1066 Sede
1091 1028 1323 1078 injunctum
1358 1028 1479 1067 fuerit
1513 1033 1706 1068 accurate
1741 1029 1874 1067 confi-

82 1087 222 1127 ciendi
257 1087 446 1127 indicem
482 1099 557 1126 seu
594 1087 838 1136 catalogum
874 1088 1159 1126 Ecclesiarum
1197 1089 1387 1126 omnium
1424 1088 1548 1127 huius
1572 1088 1874 1127 Archidioece-

81 1159 186 1187 ceos
221 1159 330 1198 quae
366 1148 430 1186 ius
465 1147 516 1186 ad
554 1147 638 1186 hoc
663 1147 934 1197 privilegium
961 1148 999 1185 in
1026 1146 1065 1186 S.
1090 1147 1272 1197 Liturgia
1296 1148 1440 1187 utendi
1466 1148 1609 1198 lingua
1635 1148 1874 1197 polaeosla-

81 1208 171 1247 vica
206 1207 365 1247 habere
401 1207 653 1257 potuissent,
690 1207 782 1245 Nos
818 1207 1044 1257 diligenter
1067 1207 1257 1246 collectis
1281 1208 1551 1246 documentis
1576 1219 1685 1257 quae
1710 1207 1761 1246 ad
1786 1220 1873 1246 rem

80 1267 250 1315 faciunt,
284 1267 493 1317 factisque
529 1267 928 1317 investigationibus
964 1268 1144 1317 praeviis
1179 1279 1310 1316 super
1343 1279 1467 1306 usum
1503 1268 1672 1317 linguae
1705 1268 1874 1317 palaeo-

83 1327 261 1366 slavicae
296 1328 336 1365 in
371 1325 410 1367 S.
447 1327 630 1376 Liturgia
665 1326 811 1376 quoad
858 1338 1010 1365 omnes
1055 1327 1265 1365 Ecclesias
1310 1327 1435 1365 huius
1469 1327 1873 1373 Archidioeceseos‚

82 1398 162 1426 nec
195 1398 283 1426 non
308 1385 499 1425 adhibito
525 1387 771 1425 testimonio
797 1387 1116 1436 quamplurium
1140 1387 1326 1425 Testium
1353 1386 1436 1425 fide
1461 1386 1705 1436 dignorum,
1731 1385 1875 1425 Sacra-

83 1447 208 1486 menti
243 1445 464 1485 Sanctitate
500 1446 761 1496 interposita,
799 1450 835 1484 et
871 1446 1194 1485 considerantes

152 1523 190 1567 a)
226 1519 407 1569 spatium
441 1519 609 1569 triginta
644 1530 868 1566 annorum,
906 1519 1025 1568 quod
1061 1518 1111 1557 ad
1148 1518 1366 1556 minimum
1403 1519 1627 1567 requiritur
1661 1522 1703 1556 ut
1736 1518 1875 1567 aliqua

225 1579 412 1618 Ecclesia
455 1579 522 1629 jus
570 1578 723 1617 habeat
766 1578 817 1616 ad
854 1578 1122 1628 privilegium
1167 1577 1310 1616 utendi
1356 1578 1394 1616 in
1431 1576 1469 1616 S.
1507 1577 1687 1627 Liturgia
1732 1578 1875 1626 lingua

227 1636 542 1688 palaeoslavica
586 1638 760 1687 intelligi
804 1637 945 1684 debet,
992 1639 1102 1688 Juxta
1146 1648 1406 1686 responsum
1442 1637 1649 1687 praefatae
1685 1635 1724 1676 S.
1763 1636 1874 1676 Con-

229 1698 506 1748 gregationis,
543 1697 597 1736 de
631 1698 803 1747 triginta
839 1698 959 1736 annis
995 1698 1188 1747 proxime
1224 1697 1392 1746 elapsis,
1423 1697 1529 1735 idest
1552 1696 1602 1735 ab
1627 1708 1736 1735 anno
1769 1697 1875 1735 1868

232 1757 284 1796 ad
320 1769 476 1796 annum
518 1758 646 1803 1898;

157 1830 202 1876 b)
238 1829 359 1879 quod
394 1828 598 1867 indicium
643 1840 717 1867 seu
763 1829 974 1867 criterium
1021 1829 1191 1879 linguae
1237 1828 1454 1877 liturgicae
1498 1828 1537 1866 in
1582 1839 1663 1865 una
1698 1827 1875 1865 alterave

235 1889 424 1928 Ecclesia
458 1888 671 1928 adhibitae
714 1888 881 1927 desumi
917 1888 1045 1927 debet
1079 1900 1099 1926 a
1135 1889 1279 1937 lingua
1315 1900 1396 1937 qua
1432 1886 1643 1925 Sacerdos
1679 1887 1802 1925 utitur
1836 1886 1875 1924 in

235 1949 524 1988 celebratione
559 1947 787 1987 Sacrorum
823 1949 1125 1995 Misteffiorum,
1163 1951 1200 1986 et
1234 1959 1320 1986 non
1345 1959 1366 1986 a
1391 1945 1533 1996 lIngua
1570 1958 1651 1995 qua
1686 1943 1876 1995 populus

234 2009 275 2047 in
310 2011 432 2047 cantu
469 2009 664 2047 utebatur
706 2008 976 2057 responsivo,
1022 2008 1130 2046 iuxta
1164 2019 1422 2056 responsum
1458 2005 1650 2044 eiusdem
1686 2004 1725 2043 S.
1762 2004 1876 2044 Con-

231 2068 515 2118 gregationis;

161 2142 200 2187 c)
236 2139 560 2179 considerantes
596 2139 716 2188 quod
752 2139 790 2177 in
826 2138 904 2177 hac
938 2138 1261 2177 Archidioecesi
1298 2149 1374 2187 per
1408 2137 1636 2175 decursum
1671 2136 1919 2185 temporis-a

231 2210 279 2238 ac
323 2211 434 2238 anno
483 2198 786 2245 usos—1898,
832 2202 875 2237 ut
908 2202 951 2237 ut
994 2199 1033 2236 in
1078 2196 1293 2247 aliquibus
1338 2197 1538 2235 Ecclesiis
1583 2207 1658 2245 per
1701 2194 1875 2245 aliquod

229 2259 437 2309 temporis
472 2259 652 2308 spatium
690 2259 834 2308 lingua
870 2258 1179 2307 palaeoslavica
1214 2258 1252 2295 in
1289 2269 1367 2296 usu
1401 2259 1524 2303 esset,
1548 2256 1632 2294 hoc
1657 2255 1793 2293 evenit
1813 2254 1876 2293 vel

232 2331 283 2358 ex
317 2330 369 2357 eo
406 2317 525 2368 quod
561 2318 756 2357 nonnulli
779 2316 1048 2365 Sacerdotes,
1081 2318 1151 2367 qui
1175 2316 1333 2356 nullam
1361 2318 1610 2365 potestatem
1635 2315 1712 2353 hac
1734 2315 1877 2363 lingua

231 2378 377 2416 utendi
400 2389 420 2416 a
443 2378 524 2417 sibi
559 2378 807 2427 praeposito
833 2377 1065 2416 Ordinario
1091 2379 1357 2426 receperunt,
1388 2375 1576 2424 ideoque
1600 2386 1675 2424 per
1696 2374 1875 2412 abusum

230 2437 326 2476 talia
360 2437 494 2476 moliti
530 2441 640 2484 sunt,
675 2437 739 2476 vel
776 2437 896 2486 quod
931 2439 1114 2486 quatuor
1147 2440 1215 2474 aut
1250 2437 1439 2485 quinque
1474 2433 1728 2473 Sacerdotes
1763 2433 1877 2471 solu-

231 2497 366 2536 modo
414 2508 435 2535 a
482 2496 642 2536 Nostro
696 2497 1040 2535 praedecessore
1088 2497 1183 2546 piae
1234 2496 1467 2534 memoriae
1518 2494 1639 2532 Petro
1687 2492 1876 2531 Domnio

230 2556 410 2606 Maupas
444 2559 700 2606 receperunt
740 2556 976 2595 facultatem
1023 2555 1295 2605 personalem
1341 2553 1484 2593 utendi
1529 2553 1672 2602 lingua
1708 2551 1877 2601 palaeo—

230 2616 385 2655 slavica
419 2616 458 2654 in
494 2616 639 2663 Missa,
675 2619 713 2654 et
746 2616 831 2654 hoc
866 2627 943 2665 per
976 2616 1138 2665 aliquot
1172 2626 1306 2653 annos
1346 2616 1502 2652 tantum
1538 2613 1680 2651 locum
1718 2610 1874 2652 habuit,

230 2675 267 2714 vi
309 2675 551 2723 litterarum,
604 2676 658 2715 de
703 2687 783 2714 usu
830 2675 1002 2724 linguae
1047 2674 1383 2724 palaeoslavicae
1427 2673 1466 2710 in
1511 2671 1635 2710 Sacra
1679 2670 1875 2719 Liturgia,

231 2733 318 2774 S.S.
354 2735 522 2776 Rituum
559 2735 924 2784 Congregationis
960 2733 1013 2772 de
1049 2734 1116 2772 die
1152 2735 1175 2771 5
1199 2732 1379 2782 Augusti
1422 2731 1544 2778 1898,
1570 2733 1607 2769 et
1632 2730 1876 2778 subsequae

231 2794 518 2833 Declarationi
554 2794 854 2844 praelaudatae
889 2792 928 2833 S.
967 2792 1331 2843 Congregationis
1367 2791 1515 2829 innixi:

230 2865 598 2904 Declaramus
632 2877 736 2904 nec
770 2877 928 2903 unam
964 2865 1014 2903 in
1050 2864 1152 2901 hac
1186 2860 1636 2901 Archidioecesi
1672 2860 1875 2898 Nostra

88 2924 208 2963 sive
244 2923 644 2971 Parochialem,
680 2925 798 2964 sive
834 2923 1189 2963 Curatialem
1226 2919 1536 2959 Ecclesiam
1571 2918 1654 2970 jus
1689 2917 1877 2955 habere

89 2982 159 3021 ad
194 2983 566 3034 privilegium
602 2985 794 3033 lingua
831 2982 1260 3033 palaeoslavica
1296 2981 1344 3018 in
1380 2980 1584 3017 Missae
1620 2976 1876 3015 celebra-

87 3041 248 3082 tione
283 3043 500 3082 utendi.

231 3102 501 3141 Meminerint
536 3114 642 3152 ergo
689 3101 945 3141 Sacerdotes
990 3111 1141 3138 omnes
1187 3099 1311 3136 huius
1356 3095 1652 3135 declarationis
1696 3093 1876 3131 Nostrae

89 3161 235 3200 tenore
276 3162 433 3200 nemini
468 3162 637 3200 illorum
675 3162 714 3200 in
751 3164 968 3210 posterum
1014 3159 1141 3196 licere
1185 3156 1508 3196 Sacrosanctum
1554 3155 1708 3192 Missae
1744 3151 1876 3190 Sacri-

88 3217 230 3258 ficium
265 3220 410 3270 lingua
452 3221 768 3270 palaeoslavica
803 3219 1022 3258 celebrare
1057 3217 1174 3255 nullo
1212 3218 1424 3265 praetextu
1461 3213 1649 3252 adhibito
1675 3212 1760 3250 sive
1785 3222 1878 3260 per-

162 3302 276 3344 JELIC,
301 3310 466 3345 formis,
489 3311 564 3338 Pars
586 3311 631 3339 111.
1760 3292 1779 3324 7
