2191 3434
639 291 1239 335 Glagolito-Romanae
1271 294 1365 329 XIX.
1393 304 1422 330 5.
1829 298 1873 332 87

137 448 323 488 cumque
368 437 643 477 excitamenta
685 437 904 486 cohibere,
945 439 1193 488 praesertim
1232 451 1335 479 vero
1380 438 1609 480 catholicas
1655 441 1923 482 efiemerides

137 508 359 545 coercere,
408 508 517 547 quae
564 497 617 536 ad
675 497 925 537 huiusmodi
976 499 1307 538 concessionem
1366 500 1700 550 comparandam
1759 502 1923 541 animos

136 568 412 597 commovere
446 556 552 596 forte
587 560 799 607 poterunt.

277 617 605 667 Impensissimis
639 616 932 656 observantiae
967 617 1166 657 sensibus
1200 630 1267 657 me
1311 618 1500 668 profiteri
1534 617 1678 659 laetor.
1720 619 1923 659 Domina-

133 676 260 716 tionis
293 675 468 716 Vestrae
503 673 794 716 ilustrissimae
829 688 877 716 ac
912 677 1319 719 Reverendissimae.

419 771 712 811 Vindobonae
747 771 816 812 die
857 773 948 812 12.3
982 773 1081 823 Maji
1121 774 1245 813 1887.

1114 868 1444 909 Addictissimus
1478 869 1632 909 Servus

1131 950 1332 1004 Aloysius
1367 951 1617 993 Galimberti

1127 1037 1310 1077 Nuntius
1343 1035 1622 1088 Apostolicus

1311 1128 1365 1154 m.
1391 1128 1431 1166 p.

275 1206 490 1250 Episcopus
518 1204 750 1250 Spalatensis
778 1205 1058 1242 Makarskensis
1091 1207 1243 1243 Marcus
1273 1206 1589 1251 Calogera„dum
1617 1208 1652 1242 in
1682 1205 1923 1250 ephemeride

133 1254 259 1290 curiali
290 1253 513 1298 „Biskupski
541 1253 636 1288 List“
667 1253 827 1296 Augusti
857 1255 947 1289 1887
982 1255 1285 1291 Declarationem
1315 1256 1409 1290 hanc
1438 1266 1522 1290 cum
1552 1255 1650 1290 clero
1679 1265 1720 1289 ac
1749 1253 1922 1289 fidelibus

132 1303 439 1344 communicaret,
467 1301 750 1337 animadvertit:
782 1302 853 1344 „Ut
881 1313 925 1337 ex
953 1304 1037 1347 ipso
1066 1304 1167 1338 textu
1197 1303 1293 1338 clare
1324 1305 1559 1348 perspIcitur,
1588 1303 1679 1338 haec
1711 1301 1922 1337 Declaratio

131 1350 295 1393 linguam
324 1349 634 1385 veteroslavicam
663 1352 698 1384 et
726 1360 849 1385 novos
877 1350 993 1385 libros
1020 1351 1224 1394 liturgicos,
1252 1353 1422 1395 proxime
1442 1352 1476 1386 vi
1498 1350 1731 1386 Concordati
1759 1349 1794 1384 S.
1814 1348 1923 1384 Sedis

133 1408 217 1433 cum
246 1398 490 1440 Montenigro
518 1397 554 1432 in
583 1397 783 1440 Liturgiam
812 1399 1116 1434 neoconstitutae
1150 1400 1368 1443 provinciae
1396 1399 1655 1434 Antibarensis
1681 1396 1920 1433 inducendos

132 1446 292 1490 respicit.
319 1446 378 1481 De
406 1445 603 1488 Glagolica
629 1445 838 1480 Dalmatica
864 1446 1078 1481 Declaratio
1107 1446 1198 1482 haec
1225 1449 1343 1487 tacet:
1371 1457 1485 1492 quare
1513 1447 1613 1490 apud
1642 1456 1712 1480 nos
1731 1446 1868 1480 intacta
1888 1445 1923 1478 et

133 1496 230 1529 statu
258 1503 334 1539 quo
364 1496 449 1529 ante
476 1492 661 1536 glagolica
688 1496 825 1528 manet.
855 1494 925 1529 His
952 1495 1101 1529 attentis
1129 1495 1176 1529 ad
1205 1496 1374 1530 notitiam
1403 1496 1438 1530 et
1465 1505 1635 1529 normam
1665 1493 1792 1528 Nostri
1822 1491 1920 1526 Cleri

133 1541 261 1576 Curati
290 1541 592 1577 Declarationem
620 1542 837 1585 putavimus
866 1544 901 1577 et
928 1544 1183 1586 opportunam
1204 1545 1239 1577 et
1258 1543 1508 1578 necessariam
1530 1544 1569 1576 ut
1589 1542 1719 1576 edatur
1738 1542 1773 1575 in
1794 1541 1922 1574 nostra

132 1589 402 1634 Ephemeride;
430 1591 465 1624 et
491 1590 674 1631 integram
702 1590 804 1624 iuxta
831 1590 1009 1633 originale
1037 1589 1263 1625 reierimus.“

276 1638 456 1682 Episcopi
483 1647 572 1671 vero
601 1637 819 1681 provinciae
838 1638 1007 1673 Litoralis
1026 1638 1256 1681 Austriacae,
1276 1638 1403 1673 litteris
1419 1636 1671 1682 pastoralibus
1690 1636 1734 1670 26
1756 1636 1920 1670 Novem-

132 1685 208 1720 bris
237 1685 328 1720 1887
356 1684 622 1729 injungebant:
662 1684 833 1727 „Omnes
871 1684 1096 1721 Sacerdotes
1125 1689 1160 1720 et
1189 1686 1359 1721 Clericos
1385 1685 1615 1730 jusidictioni
1642 1685 1803 1719 Nostrae
1832 1681 1921 1717 sub-

133 1733 252 1778 jectos
280 1734 518 1768 severissime
546 1734 581 1767 et
612 1732 703 1775 ,sub
733 1732 949 1768 obedientia
976 1734 1178 1768 canonica“
1210 1734 1312 1769 hisce
1332 1736 1503 1769 vetamus
1530 1733 1682 1777 propria
1701 1731 1921 1766 auctoritate

133 1781 339 1826 quidquam
376 1782 558 1816 innovare
595 1782 658 1815 aut
694 1781 1008 1826 qualemcumque
1048 1784 1192 1825 partem
1230 1782 1366 1817 habere
1401 1792 1485 1816 cum
1514 1782 1556 1816 iis
1585 1781 1647 1825 qui
1674 1779 1858 1821 liturgiam
1887 1779 1921 1811 et

133 1829 297 1872 linguam
325 1829 532 1871 liturgicam
561 1828 639 1872 jure
667 1828 923 1864 ecclesiastico
953 1830 1133 1864 sancitam
1162 1830 1525 1874 quomodocumque
1554 1829 1786 1872 impugnant.
1815 1826 1920 1861 Neve

134 1878 332 1922 quisquam
360 1877 433 1912 hoc
460 1877 644 1912 Nostrum
684 1877 838 1912 vetitum
879 1878 1037 1920 migrare
1075 1877 1131 1912 vel
1170 1878 1358 1920 negligere
1399 1877 1545 1919 audeat,
1586 1886 1693 1910 usum
1736 1875 1797 1919 qui
1837 1872 1920 1908 alibi

134 1925 268 1968 vigeat,
295 1924 588 1969 praetexendo.“
621 1924 806 1969 I-Iancque
826 1935 916 1959 vero
945 1924 1238 1969 prohibitionem
1260 1926 1464 1969 episcopus
1483 1924 1680 1967 Veglensis
1699 1921 1921 1957 Franciscus

134 1972 274 2007 Feretic':
303 1972 528 2015 declarabat,
556 1973 605 2007 ita
633 1974 672 2007 ut
699 1973 870 2016 episcopi
898 1973 1065 2008 Litoralis
1094 1973 1278 2008 Austriaci
1308 1984 1405 2016 „non
1434 1974 1626 2007 miravano
1655 1982 1675 2005 a
1701 1969 1857 2005 bandire
1884 1968 1918 2002 la

133 2020 278 2063 liturgia
295 2020 622 2056 veteroslovenica
635 2048 642 2055 .
655 2047 683 2055 ..
705 2018 790 2054 dila
806 2023 864 2055 ον’·
881 2031 965 2055 9553
981 2020 1182 2056 realmeiite
1201 2022 1443 2056 sussisteva“.
1465 2018 1713 2060 Ctr.Volaric',
1734 2017 1918 2058 Lalingua

133 2068 234 2103 slava
260 2068 356 2104 nella
382 2068 530 2111 liturgia
556 2068 638 2103 nell'
660 2068 774 2111 Istria,
802 2069 836 2103 in
866 2068 1107 2112 ephemeride
1141 2069 1217 2103 Eco
1256 2069 1314 2104 del
1351 2068 1507 2103 Litorale
1536 2067 1665 2111 Suppl.
1693 2066 1725 2100 al
1752 2065 1816 2100 Nr.
1842 2063 1920 2106 136,

133 2126 190 2151 an.
216 2116 318 2151 1892.

274 2164 313 2199 Iri
333 2163 584 2208 Ephemeride
607 2163 764 2206 „Archiv
785 2164 842 2198 fiir
862 2163 1116 2200 katholisches
1137 2163 1424 2201 Kirchenrecht“
1447 2163 1654 2206 (volumine
1674 2162 1718 2196 58
1734 2170 1819 2205 pag.
1836 2159 1920 2200 351)

132 2211 312 2246 nonnulla
339 2211 454 2247 relata
479 2213 567 2247 sunt
595 2222 639 2246 ex
668 2211 872 2247 Germania
899 2211 1131 2247 Berolinensi
1160 2212 1239 2254 (Nr.
1262 2212 1340 2254 143,
1368 2212 1391 2247 Ι.
1412 2211 1464 2246 Bl.
1493 2212 1538 2246 28
1556 2211 1649 2254 Julii,
1679 2209 1797 2251 1887),
1819 2217 1914 2252 quae

132 2261 366 2295 momentum
394 2260 668 2295 Declarationis
697 2260 826 2295 Nuntii
844 2259 1156 2295 Vindobonensis
1183 2270 1225 2294 ac
1246 2260 1403 2294 modum
1420 2270 1459 2294 se
1480 2258 1633 2302 gerendi
1650 2258 1918 2301 episcoporum

132 2306 299 2342 Litoralis
327 2307 512 2342 Austriaci
540 2317 581 2342 ac
609 2307 817 2343 Dalmatiae
843 2307 1037 2350 illustrant,
1065 2308 1233 2352 haecque
1260 2308 1379 2342 italice
1406 2318 1515 2342 versa
1533 2306 1749 2341 meminisse
1767 2302 1920 2338 iuvabit.

277 2355 336 2397 „In
351 2355 443 2390 base
471 2355 503 2390 al
532 2355 720 2391 desiderio
749 2356 808 2391 del
836 2355 1005 2400 principe
1034 2356 1070 2391 di
1099 2355 1328 2390 Montenero
1350 2356 1511 2399 permise
1531 2354 1552 2388 il
1572 2364 1671 2398 papa
1690 2353 1814 2387 Leone
1833 2350 1919 2391 XII.‚

132 2402 200 2438 che
227 2403 323 2438 nelle
351 2403 476 2438 chiese
505 2402 703 2438 cattoliche
731 2403 768 2438 di
796 2403 880 2448 quel
908 2414 1023 2448 paese
1050 2414 1173 2446 venga
1201 2406 1395 2438 osservata
1420 2403 1453 2437 la
1484 2403 1629 2444 liturgia
1648 2399 1919 2445 paleoslavica.

134 2449 266 2496 Quest'
289 2448 308 2485 e
347 2452 626 2495 propriamente
667 2461 716 2485 un
745 2452 1032 2486 rinnovamento
1063 2452 1098 2486 di
1121 2462 1170 2486 un
1205 2451 1399 2495 privilegio
1427 2450 1491 2495 piu
1520 2451 1654 2485 antico.
1693 2447 1762 2483 Nel
1790 2445 1918 2481 secolo

132 2508 262 2533 scorso
291 2497 374 2533 cioe
401 2498 610 2533 Benedetto
639 2498 720 2534 XIV
754 2510 872 2534 aveva
899 2497 959 2542 gia
984 2499 1020 2533 in
1048 2510 1123 2534 una
1148 2499 1250 2534 bolla
1275 2500 1344 2542 (Ex
1372 2498 1553 2534 Pastorali
1583 2498 1687 2538 1754)
1722 2502 1918 2539 permesso

131 2555 197 2589 per
223 2546 243 2580 l’
261 2545 368 2581 Illirio
388 2546 411 2581 il
431 2546 499 2581 rito
526 2546 813 2590 veteroslavicO,
841 2558 860 2582 e
880 2548 947 2582 Pio
963 2547 1010 2582 vi
1030 2546 1094 2591 piu
1113 2547 1208 2582 tardi
1236 2557 1355 2582 aveva
1381 2548 1591 2591 approvato
1619 2556 1639 2579 a
1667 2552 1795 2578 mezzo
1818 2541 1851 2575 d'
1868 2550 1916 2574 un

131 2591 245 2628 breve
272 2604 348 2629 uno
377 2593 540 2638 speciale
567 2593 693 2629 offizio
721 2605 788 2638 per
823 2594 843 2629 l'
864 2594 971 2630 Illirio
1009 2595 1252 2638 (Breviarium
1287 2605 1485 2629 romanum
1519 2593 1712 2628 slavonico
1741 2590 1918 2642 idiomate

134 2650 199 2676 seu
233 2641 340 2676 Liber
375 2642 637 2686 precationum
674 2642 976 2687 quotidianarum
1016 2643 1144 2678 litteris
1185 2642 1490 2687 Hieronymianis
1530 2641 1642 2683 vulgo
1672 2637 1918 2689 Glagoliticrs,

130 2688 234 2723 iussu
261 2689 301 2724 Ρ.
326 2690 381 2725 Pii
406 2689 465 2732 VI,
492 2690 529 2724 in
558 2690 652 2725 duas
680 2691 766 2725 anni
806 2692 931 2734 partes
958 2691 1132 2733 divisum,
1164 2691 1306 2727 Romae
1337 2691 1421 2726 1791
1463 2689 1498 2724 S.
1518 2689 1634 2733 Typis
1670 2688 1705 2721 et
1737 2687 1918 2737 impen'Sis

132 2734 168 2771 S.
189 2735 508 2780 Congregationis
537 2737 583 2772 de
611 2738 863 2781 Propaganda
899 2738 1017 2780 Pide).
1051 2739 1122 2773 Dai
1150 2739 1269 2782 pareri
1305 2737 1437 2772 redatti
1473 2737 1508 2771 in
1538 2737 1656 2773 Roma
1692 2743 1758 2777 per
1786 2731 1917 2766 ordine

132 2783 167 2818 di
194 2783 320 2819 Leone
348 2784 426 2819 XIII
467 2795 611 2820 emerse
650 2785 719 2820 che
746 2785 768 2820 il
796 2785 1049 2829 Montenegro
1088 2796 1196 2821 come
1223 2785 1257 2819 la
1284 2784 1412 2820 Serbia
1450 2785 1599 2819 cadono
1641 2784 1740 2817 sotto
1782 2780 1915 2832 questo

133 2831 318 2873 „Illirico“.
346 2833 395 2867 La
431 2833 640 2877 questione,
668 2843 709 2867 59
735 2843 875 2868 ancora
902 2833 979 2868 altri
1016 2834 1120 2878 paesi
1157 2833 1323 2875 contigui
1363 2834 1676 2876 appartenessero
1714 2828 1768 2862 all'
1798 2826 1915 2866 Illirio,

131 2878 280 2915 sembra
307 2880 376 2915 che
403 2880 437 2915 la
463 2881 493 2915 si
522 2881 574 2915 sia
601 2880 753 2915 lasciata
777 2881 955 2923 indecisa,
984 2892 1004 2916 e
1031 2882 1150 2915 anche
1177 2891 1266 2924 pare
1294 2880 1362 2915 che
1389 2881 1443 2915 sia
1471 2882 1568 2914 stato
1596 2877 1687 2912 fatto
1715 2885 1815 2928 poco
1844 2882 1913 2925 uso

134 2925 171 2960 di
197 2927 318 2971 quella
346 2929 596 2963 concessione
624 2928 660 2963 di
688 2928 897 2963 Benedetto
925 2928 1017 2963 XIV.
1046 2929 1083 2962 In
1113 2938 1253 2962 nessun
1289 2938 1377 2962 caso
1418 2926 1646 2971 potrebbero
1687 2922 1913 2957 richiamarSi

135 2973 203 3008 alla
238 2976 489 3010 concessione
525 2976 727 3010 accordata
763 2976 819 3011 all’
847 2976 955 3011 Illirio
984 2977 993 3011 i
1022 2976 1148 3010 czechi
1184 2975 1280 3010 nella
1318 2975 1471 3009 Boemia
1499 2985 1517 3008 9
1546 2971 1727 3007 Moravia.
1769 2969 1913 3019 Contio

133 3020 153 3054 l'
181 3023 397 3058 estensione
437 3023 533 3058 della
571 3023 716 3066 liturgia
752 3024 1003 3067 paleoslavica
1031 3024 1089 3058 nei
1116 3024 1221 3067 paesi
1248 3023 1431 3063 austriaci,
1471 3020 1633 3056 avrebbe
1668 3017 1802 3069 anche,
1838 3024 1877 3048 se
1905 3022 1914 3046 1

133 3067 222 3111 fogli
250 3070 391 3114 politici
426 3070 552 3105 czechi
580 3071 626 3106 ed
660 3071 738 3105 altri
767 3071 857 3106 slavi
886 3071 1011 3105 hanno
1052 3070 1188 3105 riferito
1218 3071 1476 3112 giustamente,
1516 3067 1606 3102 fatto
1647 3066 1768 3099 valere
1795 3062 1816 3115 11
1845 3071 1913 3114 suo

131 3115 289 3152 inilusso
316 3117 339 3152 il
367 3128 540 3160 govorno
578 3119 785 3159 austriaco;
825 3130 844 3154 e
871 3116 1008 3162 poiche
1034 3118 1418 3152 recentissimameiite
1445 3126 1510 3159 per
1546 3113 1695 3157 impulsi
1732 3107 1913 3166 naaionali

132 3163 233 3207 slavi,
275 3165 304 3200 si
332 3162 352 3199 e
380 3165 605 3201 cominciato
634 3167 781 3201 servirsi
808 3167 844 3201 in
871 3166 1064 3200 Dalmazia
1092 3165 1185 3200 della
1222 3165 1366 3206 liturgia
1392 3162 1654 3207 paleoslavica,
1691 3157 1799 3211 quell‘-
1820 3164 1913 3210 arei-

131 3220 295 3247 vescovo
333 3212 496 3257 Maupas
531 3213 565 3248 la
600 3212 721 3257 proibi
757 3213 815 3248 nel
851 3213 964 3256 luglio
996 3213 1084 3247 1887
1121 3211 1215 3254 (Cir.
1244 3211 1276 3246 13
1307 3210 1479 3253 ,1301111Ιῶ
1512 3210 1547 3243 di
1576 3210 1704 3249 Praga,
1742 3205 1912 3259 edilione

131 3259 246 3294 serale
274 3259 333 3295 dei
360 3260 406 3294 20
432 3260 545 3303 luglio
577 3261 715 3303 1887.)“
755 3261 806 3295 Ita
834 3261 993 3296 Pesante
1021 3261 1055 3294 in
1086 3270 1199 3303 opere
1236 3259 1307 3293 iam
1332 3259 1482 3301 saepius
1521 3257 1632 3291 citato
1673 3256 1736 3297 (La
1770 3252 1913 3292 liturgia
