2191 3434
594 126 1158 202 VGlagolito-Romanae
1184 152 1274 189 XVI
1301 165 1329 189 S.
1843 157 1886 189 25

180 300 385 337 Cardinalis
413 300 554 334 Hosius
581 300 757 340 Polonus,
801 299 984 344 DIalogus
1012 298 1060 332 de
1105 299 1376 332 communione
1423 299 1681 332 Eucharistiae
1700 300 1770 332 sub
1787 305 1884 334 utra-

65 361 112 386 ue
136 349 282 394 specie3
309 349 358 383 de
384 348 564 393 conjugio
591 348 834 382 sacerdotum
862 352 900 381 et
926 347 1043 381 Sacro
1070 347 1106 379 in
1132 345 1276 391 vulgari
1303 346 1430 391 lingua
1457 346 1704 387 celebrando;
1744 346 1882 390 Opera,

54 398 182 433 arisiis
207 398 316 437 1562;
337 397 570 439 Antverpiae
595 398 704 437 1571,
733 395 916 430 Coloniae
943 396 1052 435 1567;
1080 393 1153 428 Cfr.
1182 393 1330 428 Starine
1358 393 1494 433 XVIII,
1522 393 1660 439 (1886),
1688 397 1753 428 101
1772 406 1806 429 n.
1828 397 1883 430 68.

363 588 451 617 ΙΙΙ.
483 578 608 628 1562,
642 588 696 621 Io
734 573 853 623 Julz‘z‘
881 598 939 603 —-
971 584 1022 627 17
1055 573 1325 627 Septembris,
1367 574 1407 615 T
1403 573 1571 615 ridenti.

177 684 368 737 Liturgia
401 683 847 737 Glagolito-Romana
897 695 947 722 ac
998 695 1102 723 usus
1146 683 1320 735 linguae
1372 684 1587 723 croaticae
1621 683 1807 737 vulgaris
1843 686 1883 725 in

39 748 51 809 g
82 757 165 797 issa
197 757 327 796 latina
358 769 382 795 a
416 753 494 795 SS.
527 753 726 797 Concilio
759 753 1019 795 Tridentino
1053 756 1185 794 tacito
1219 767 1440 795 consensu
1473 756 1755 806 approbatur.

173 838 289 879 Acta
321 836 399 879 SS.
432 837 721 879 Oecumenici
754 837 923 879 Concili
955 831 1200 877 Tridentini
1234 845 1336 890 post
1369 836 1627 878 Sessionem
1664 838 1763 879 XXI
1797 838 1887 894 (V),

34 896 90 940 ,b
121 898 298 952 Angelo
330 898 583 938 Massarello
617 911 674 938 ex
709 899 816 938 actis
848 897 1110 938 authenticis
1143 905 1364 950 excerpta.

51 957 52 960 ’
173 957 232 1012 A)
265 957 348 998 Die
393 958 448 999 19
475 957 572 1011 Julii
608 957 720 998 1562
772 958 987 1009 propositi
1038 965 1138 998 sunt
1190 957 1472 998 examinandi
1524 965 1565 998 et
1617 958 1882 999 discutiendi

25 1017 198 1059 ·'rticuli
232 1030 364 1069 super
396 1019 492 1070 ipso
527 1015 752 1058 Sacrificio
787 1018 957 1057 missae.

36 1063 37 1079 ¹
172 1076 229 1129 B)
262 1077 472 1118 Doctrina
522 1077 580 1117 de
613 1076 837 1118 Sacrificio
870 1076 1028 1117 Missae
1061 1078 1286 1129 proposita
1339 1078 1633 1118 examinanda
1684 1078 1884 1120 Patribus

50 1139 107 1192 ¹ie
139 1138 167 1178 6
200 1136 391 1190 Augusti
427 1137 550 1177 1562.

172 1195 315 1249 Caput
346 1196 418 1237 IV.
464 1196 530 1237 De
576 1197 726 1236 ritibus
771 1203 814 1236 et
858 1198 1107 1236 cerimoniis
1153 1209 1266 1249 quae
1313 1197 1354 1236 in
1389 1198 1548 1237 missae
1582 1198 1883 1240 celebratione

31 1282 35 1297 ι
48 1242 305 1304 idhibentur.

88 1309 96 1313 ⁵
171 1316 341 1370 Lingua
373 1317 504 1356 etiam
537 1315 678 1364 latina,
711 1328 797 1368 qua
817 1315 977 1356 Missae
999 1317 1040 1355 in
1062 1314 1340 1358 Occidentali
1374 1317 1560 1357 ecclesia
1594 1318 1882 1368 celebrantur,

50 1377 226 1416 'axime
259 1376 478 1428 congruit;
511 1375 730 1428 siquidem
765 1388 816 1415 ea
848 1376 1045 1427 pluribus
1079 1377 1328 1416 nationibus
1364 1378 1614 1417 communis
1637 1386 1713 1425 est,
1736 1391 1882 1431 neque

48 1436 204 1476 idetur
236 1449 334 1476 esse
367 1435 673 1483 dubitandum,
718 1436 822 1487 quin
869 1436 903 1475 si
945 1435 1105 1475 Missae
1149 1436 1313 1488 vulgari
1348 1436 1563 1489 cujusque
1598 1439 1739 1490 gentis
1773 1439 1882 1478 idio-

0 1488 31 1528 lis
77 1503 147 1536 ate
179 1502 501 1549 peragerentur,
534 1495 679 1534 divina
713 1496 919 1550 mysteria
964 1496 1119 1535 minori
1165 1497 1403 1535 reverentia
1449 1496 1710 1537 colerentur.
1753 1498 1882 1538 Esset

0 1557 161 1598 :cltiam
196 1552 464 1608 magnopere
500 1554 812 1607 periculosum,
844 1567 899 1594 ne
932 1556 1033 1594 varii
1066 1556 1109 1594 in
1143 1555 1289 1595 multis
1323 1556 1678 1596 translationibus
1714 1571 1880 1599 errores

0 1647 27 1671 *a
57 1623 350 1663 nascerentur,
383 1615 456 1667 qui
490 1614 694 1663 facerent,
729 1622 772 1654 ut
805 1613 908 1654 fidei
942 1623 1116 1655 nostrae
1150 1617 1367 1666 mysteria,
1390 1628 1502 1667 quae
1534 1617 1748 1667 simplicia
1770 1626 1881 1664 sunt,

28 1675 278 1716 niderentur
298 1687 395 1715 esse
416 1674 596 1714 diversa.
618 1672 730 1715 Cum
751 1681 898 1714 autem
914 1676 956 1713 in
980 1676 1110 1714 missa
1123 1675 1341 1728 quaedam
1358 1677 1455 1724 sint,
1471 1688 1582 1728 quae
1602 1677 1657 1716 ab
1675 1678 1881 1717 omnibus

47 1736 221 1775 ebeant
252 1734 444 1788 intelligi,
488 1734 618 1773 veluti
662 1734 875 1773 lectiones
921 1741 963 1774 et
1006 1734 1242 1788 evangelia,
1288 1747 1336 1774 ea
1371 1748 1447 1786 per
1479 1735 1589 1783 illos,
1622 1738 1695 1788 qui
1730 1749 1877 1777 curam

13 1785 271 1835 Inimarum
304 1800 526 1842 exercent,
559 1793 714 1833 saltem
748 1793 936 1834 domicis
970 1795 1151 1846 aliisque
1185 1794 1305 1834 festis
1339 1794 1495 1834 diebus
1529 1797 1697 1846 populo
1733 1796 1878 1836 decla—

0 1836 187 1910 343-ntur,
219 1860 264 1894 ut
298 1854 453 1893 in-illis
487 1854 693 1893 omnibus
727 1854 925 1894 ecclesiis
960 1853 1052 1893 fieri
1087 1856 1328 1903 consuevit,
1360 1855 1401 1893 in
1438 1856 1598 1906 quibus
1633 1868 1780 1895 earum
1804 1870 1878 1908 pa-

0 1912 9 1927 ³
53 1919 170 1955 tores
204 1913 353 1954 officio
400 1926 482 1953 suo
515 1925 605 1953 non
651 1913 821 1953 desunt.

46 2007 47 2013 ,
171 1971 373 2015 Canones
418 1972 475 2013 de
525 1971 750 2014 Sacrificio
783 1972 942 2013 Missae
974 1974 1189 2026 propositi
1235 1973 1518 2013 examinandi
1551 1974 1707 2014 eadem
1743 1975 1814 2015 die
1852 1976 1880 2015 6

44 2034 231 2087 ⁴&ugusti
1250 2071 1255 2074 .

45 2089 48 2152 Ξ
170 2092 220 2134 Χ.
254 2091 301 2133 Si
333 2093 430 2146 quis
463 2092 635 2141 dixerit,
684 2091 862 2133 Missam
897 2105 986 2132 non
1037 2094 1117 2132 nisi
1169 2094 1210 2132 in
1252 2092 1399 2146 lingua
1450 2094 1614 2147 vulgari
1666 2094 1876 2134 celebrari

46 2153 212 2193 lebete:
245 2152 477 2192 anathema
510 2153 576 2192 sit.

45 2222 47 2265 ξ
177 2210 232 2265 C)
266 2210 641 2266 Congregationes
676 2211 913 2252 Generales
958 2212 1027 2252 IX.
1069 2212 1224 2264 Incipit
1269 2214 1509 2252 examinari
1542 2213 1742 2253 doctrina
1776 2227 1875 2254 cum

0 2256 23 2295 [θ
57 2273 273 2312 anonibus
307 2271 364 2312 de
397 2270 621 2312 Sacrificio
655 2271 826 2312 Missae.

24 2331 25 2336 ’
170 2330 252 2372 Die
306 2333 371 2372 11.
403 2331 604 2385 ejusdem
640 2333 802 2371 mensis
844 2333 1028 2385 augusti,
1078 2331 1184 2371 hora
1239 2333 1302 2371 11.
1354 2331 1538 2372 habetur
1592 2335 1875 2386 congregatio

0 2401 18 2438 ji
61 2391 253 2445 (megalis,
284 2391 327 2431 in
360 2404 446 2444 qua
489 2398 632 2443 patres
675 2398 916 2443 coeperunt
978 2391 1126 2431 dicere
1159 2392 1394 2431 sententias
1440 2404 1569 2444 supra
1603 2392 1801 2432 doctrina
1836 2402 1877 2433 et

0 2471 22 2511 R
57 2450 272 2491 anonibus
306 2457 350 2490 et
382 2449 606 2491 Sacrificio
641 2452 810 2490 missae.

169 2532 227 2538 —
259 2533 317 2538 —
347 2533 405 2539 —
444 2510 640 2563 Jadrensi
673 2508 1024 2563 (archiepiscopo
1058 2510 1196 2550 Mutio
1240 2507 1408 2562 Calino)
1456 2524 1647 2551 canones
1694 2512 1877 2562 placent.

77 2569 159 2609 issa
192 2571 310 2609 enim
342 2583 494 2610 verum
528 2576 593 2609 est
625 2569 884 2610 sacrificium
917 2593 975 2598 —
1007 2592 1063 2598 —
1096 2593 1153 2598 —
1185 2592 1242 2598 -
1275 2577 1316 2609 et
1350 2569 1501 2611 Canon
1532 2572 1797 2618 retinendus,
1831 2579 1872 2611 et

48 2640 118 2668 on
150 2629 232 2670 alta
267 2643 377 2669 voce
410 2629 658 2670 recitandus
691 2642 836 2682 neque
868 2630 1015 2682 lingua
1048 2630 1213 2682 vulgari
1247 2631 1509 2669 celebranda
1545 2632 1685 2670 missa.

171 2687 468 2742 Congregatio
503 2688 729 2730 Generalis
766 2690 818 2729 18
851 2688 1056 2741 Augusti,
1088 2689 1194 2728 hora
1231 2689 1415 2730 12—15.

170 2782 227 2788 —
257 2782 315 2788 —
347 2759 594 2814 Vegliensis
626 2758 881 2812 (episcopus
913 2760 980 2800 Fr.
1013 2759 1222 2800 Albertus
1255 2759 1474 2811 Duymius
1509 2761 1564 2800 de
1599 2760 1787 2812 Glyricis
1821 2760 1876 2802 O.

4 2832 12 2857 ε
47 2840 74 2858 ι.
105 2816 336 2859 Domenici
370 2817 661 2872 Catharensis)
696 2842 752 2848 —
792 2843 850 2848 —
882 2820 928 2859 In
963 2821 1105 2871 capite
1138 2819 1198 2860 IV
1231 2821 1350 2868 ratio,
1384 2833 1517 2872 quare
1552 2822 1709 2860 missae
1743 2822 1872 2860 sacri-

44 2874 49 2910 ἰ
62 2877 177 2929 cium
209 2878 337 2918 latina
369 2879 516 2932 lingua
561 2879 824 2920 celebranda
857 2881 923 2928 sit,
965 2892 1054 2918 non
1088 2880 1258 2918 videtur
1290 2880 1424 2928 bona;
1457 2892 1601 2931 neque
1635 2880 1874 2919 damnandi

44 2944 50 2984 ξι
63 2937 104 2976 ui
136 2937 299 2990 vulgari
320 2938 466 2992 lingua
487 2939 724 2979 celebrant:
759 2946 801 2978 et
834 2940 876 2978 in
911 2939 1095 2978 ecclesia
1128 2938 1529 2988 Hierosolymitana
1564 2937 1606 2979 S.
1642 2938 1872 2990 Sepulchri

2 3011 15 3036 s.
44 2994 251 3036 elebrant
283 2999 461 3038 missam
507 2998 700 3051 qualibet
733 2998 891 3051 lingua,
937 3011 1049 3051 quae
1093 3005 1158 3037 est
1192 2999 1274 3037 sub
1321 2998 1459 3037 coelo.
1507 2997 1708 3039 Canones
1744 2999 1875 3037 resor-

44 3073 50 3111 .'
78 3061 202 3095 entur
235 3057 464 3109 quomodo
500 3058 612 3097 dixit
646 3055 920 3111 (patriarcha)
956 3058 1163 3097 Venetus.
