2191 3434
597 158 1187 205 Glagolito-Romanae
1222 158 1311 192 XVI
1345 169 1372 192 s.
1874 160 1894 194 9

0 299 15 346 e¹
42 309 148 358 nini;
192 306 303 348 Cum
346 307 478 359 longa
522 313 563 345 et
606 307 782 358 antiqua
827 305 968 345 dictae
1013 305 1375 344 confraternitatis
1431 305 1708 344 consuetudo
1758 306 1894 352 fuerit,

7 373 9 377 '
46 366 258 420 possendi
291 366 499 406 celebrari
533 366 675 405 facere
710 368 750 404 in
784 366 885 404 loco
920 364 1095 405 Scollae
1130 364 1272 403 dictae
1307 363 1679 404 Confraternitatis
1713 365 1892 417 singulis

4 431 6 466 ζ
47 427 203 467 diebus
236 425 481 465 Dominicis
515 432 557 464 et
589 424 766 472 festivis,
800 437 928 464 unam
966 425 1142 463 missam
1178 436 1353 474 parvam
1390 423 1544 462 Latino
1578 436 1782 463 sermone
1821 432 1893 464 aut

0 474 2 487 ¹
41 485 257 532 Dalmato,
290 484 535 525 secundum
569 483 667 524 Divi
702 483 960 534 Hieronymi
993 483 1139 522 Ritum
1161 491 1293 535 atque
1317 484 1651 522 institutionem:
1690 485 1891 523 maximo

2 560 7 579 '-
46 546 196 597 utique
230 544 478 584 devotionis
522 543 690 591 ardore,
734 556 786 583 ac
827 543 1116 582 venerationis
1159 541 1332 590 affectu,
1373 555 1505 594 quem
1540 543 1620 593 ipsi
1655 541 1783 583 Dalm
1799 550 1893 582 atae

37 605 98 651 ibi
129 605 352 644 abstantes
403 603 565 643 habent
615 603 656 642 in
708 602 931 642 audiendo
984 603 1161 641 missam
1214 603 1256 640 in
1290 601 1499 641 idiomate
1551 609 1593 641 et
1627 602 1777 654 lingua
1815 615 1891 642 sua

3 675 5 677 ’
41 664 212 704 Illirica:
248 675 361 715 quae
394 662 572 715 quidem
609 661 886 702 consuetudo
919 661 1148 701 laudabilis
1182 673 1261 712 per
1292 661 1447 707 literas,
1490 668 1531 700 et
1566 661 1770 702 mandata
1809 658 1887 702 Rmi

41 724 82 763 in
133 721 304 764 Christo
354 722 488 761 Patris
540 721 719 761 Domini
768 721 949 761 Antonii
1000 719 1249 761 Contareno
1299 720 1549 759 Patriachae
1600 720 1893 761 Venetiarum

3 799 6 820 :
40 771 282 836 dignissimi
315 782 557 833 approbata
589 781 941 833 comendataque
974 781 1127 819 extitit.
1149 779 1203 820 Et
1225 782 1405 832 cupiens
1427 778 1773 821 confraternitas
1801 783 1894 832 ipsa

0 856 7 860 ⁷
41 841 164 894 quod
197 840 474 881 consuetudo
508 841 731 891 praedicta
764 841 999 892 perfectius
1033 840 1267 879 decoretur
1300 848 1342 878 et
1374 839 1634 879 laudabilius
1659 842 1894 889 muniatur,

6 908 7 913 ’
41 908 84 941 et
115 901 158 940 in
190 913 240 940 ea
286 912 465 953 quoque
509 907 846 953 augumentatur
888 897 1146 952 divinius(?):
1181 899 1350 938 Idcirco
1399 899 1659 938 Beatitudini
1708 899 1893 941 Vestrae

3 983 8 996 2
38 959 268 1009 humiliter,
299 972 350 999 ac
383 961 453 1011 pie
487 961 666 999 nomine
699 959 842 999 dictae
876 957 1049 999 Scollae
1083 958 1352 1010 supplicatur
1375 966 1419 998 ut
1452 966 1663 1006 sanctam,
1700 959 1892 1013 longam,

39 1021 330 1068 inveteratam,
350 1019 707 1071 laudabilemque
728 1018 1096 1058 consuetudinem
1117 1019 1366 1070 approbare
1395 1017 1745 1071 confirmareque
1780 1020 1894 1059 velit.

180 1099 370 1134 Catastico
398 1099 496 1134 della
522 1099 660 1134 Scuola
685 1100 745 1133 dei
773 1099 838 1133 SS.
866 1099 1021 1144 Giorgio
1043 1109 1064 1133 e
1080 1098 1246 1133 Triffone
1273 1098 1371 1133 della
1398 1099 1532 1133 Nation
1555 1099 1778 1134 Dalmatina.
1796 1101 1884 1134 Mss.

4 1175 20 1181 ,,
39 1157 138 1182 saec.
165 1147 255 1181 XVI
275 1158 323 1181 SS.
351 1148 386 1181 in
413 1147 577 1181 Archivo
611 1148 826 1180 omonimae
853 1146 1180 1182 Confraternitatis
1210 1147 1387 1185 Venetiis,
1416 1146 1436 1180 f.
1466 1150 1485 1180 3
1514 1157 1544 1181 c.
1572 1148 1704 1181 Annus
1745 1150 1887 1182 eruitur

0 1241 3 1248 y
41 1205 90 1229 ex
115 1195 329 1239 diplomate
354 1195 509 1229 Antonii
536 1194 739 1229 Contareni
774 1195 1008 1238 patriarchae
1034 1194 1280 1228 Venetiarum
1310 1195 1350 1228 N.
1379 1197 1433 1228 25.

516 1363 586 1402 31.
619 1363 736 1400 1412,
761 1364 793 1402 3
824 1350 1064 1401 Februarii,
1099 1350 1142 1391 in
1175 1350 1410 1392 Dalmatia.

184 1447 250 1487 Fr.
284 1446 466 1488 Simeon
498 1447 790 1488 Klemenovic
811 1448 913 1488 alias
946 1447 1252 1496 Klimantovic,
1273 1448 1493 1488 Lukorani
1523 1448 1742 1501 Jadrensis
1764 1450 1887 1491 dioe-

42 1530 200 1558 ceseos
232 1525 372 1567 natus,
403 1518 598 1559 Minister
622 1519 913 1569 provincialis,
934 1519 1187 1559 Provinciae
1208 1520 1404 1570 Illyricae
1438 1519 1481 1561 S.
1502 1521 1733 1567 Francisci‚
1766 1522 1884 1563 Doc-

0 1578 18 1626 s'
43 1591 199 1629 trinam
233 1588 533 1639 Christianam,
567 1591 756 1643 Regulas
789 1589 922 1630 Tertii
956 1591 1061 1632 Ord.
1083 1590 1128 1632 S.
1148 1591 1379 1640 Francisci‚
1401 1586 1658 1646 caeteraque
1693 1594 1891 1647 liturgica

43 1673 94 1701 ac
128 1661 307 1701 moralia
359 1674 438 1713 pro
473 1674 553 1701 usu
587 1662 787 1702 eiusdem
833 1662 1010 1703 Ordinis
1060 1663 1208 1716 lingua
1259 1665 1464 1712 croatica;
1516 1677 1687 1704 necnon
1722 1665 1892 1706 Rituale

46 1732 295 1772 Romanum
329 1733 477 1786 lingua
508 1734 901 1784 veteroslovenica;
934 1736 1082 1774 omnia
1115 1747 1216 1774 vero
1261 1735 1581 1775 characteribus
1615 1736 1892 1790 glagoliticis;

42 1816 154 1856 quae
185 1816 301 1844 anno
339 1803 446 1845 1501
484 1805 525 1844 in
560 1813 778 1845 conventu
819 1804 862 1846 S.
895 1805 1054 1846 Mariae
1088 1807 1129 1845 in
1164 1804 1333 1858 Campo
1367 1806 1504 1846 Martii
1529 1806 1652 1847 Arbii
1687 1809 1891 1860 incoepe-

44 1882 118 1923 rat,
149 1875 192 1915 in
225 1882 446 1915 conventu
479 1875 522 1916 S.
554 1876 778 1916 Michaelis
818 1877 1029 1930 Zaglavae
1058 1877 1277 1929 Jadrensis
1311 1878 1572 1918 dioeceseos
1607 1881 1888 1920 conscribere

45 1946 243 1987 absolvit.

183 2028 209 2061 1.
234 2026 374 2068 Bercic‚
404 2019 563 2063 Citanka
589 2028 738 2063 starosl.
764 2030 898 2074 Jezika,
926 2030 1020 2075 Prag
1048 2032 1155 2071 18643
1183 2030 1255 2064 XV
1282 2042 1309 2064 s.
1338 2035 1375 2065 et
1404 2033 1462 2073 79;
1492 2031 1572 2065 Rad
1597 2032 1736 2077 Jugosl.
1765 2033 1887 2067 Akad.

42 2073 128 2108 LIX
156 2074 291 2120 (1881),
319 2078 384 2110 161
413 2087 441 2110 s.

563 2209 635 2248 32.
673 2210 793 2251 1⁵74>
828 2211 880 2239 Io
917 2198 1139 2246 Januarz'z',
1172 2198 1324 2240 Rhodi.

182 2291 397 2332 Fabritius
431 2292 487 2332 de
530 2291 704 2334 Caretto
738 2295 944 2348 magister
994 2294 1170 2335 Militiae
1204 2295 1259 2335 de
1311 2295 1502 2347 Templo
1537 2295 1888 2338 Confraternitati

43 2359 122 2402 SS.
155 2361 335 2416 Georgii
369 2371 410 2403 et
449 2363 701 2416 Tryphonis
734 2365 931 2405 Nationis
969 2366 1239 2406 Dalmaticae
1272 2367 1328 2406 ad
1381 2369 1626 2407 instantiam
1680 2370 1814 2421 ipsius
1847 2378 1889 2409 et

43 2433 312 2483 relationem,
362 2436 427 2475 ius
459 2448 579 2475 sacra
626 2437 904 2488 persolvendi
959 2439 1077 2477 iuxta
1123 2439 1337 2492 liturgiam
1392 2438 1882 2492 Glagolito-Romanam

46 2504 129 2544 iam
163 2512 288 2545 antea
309 2513 603 2546 contestatum
626 2505 725 2560 (Cfr.
760 2507 799 2547 N
823 2510 887 2557 11,
909 2507 997 2561 25),
1032 2511 1071 2548 in
1106 2509 1243 2549 domo
1278 2510 1493 2550 Prioratus
1523 2511 1734 2559 Venetici,
1767 2525 1889 2553 reco-

47 2577 230 2627 gnoscit.

187 2645 344 2688 Dilecti
378 2648 517 2689 Nobis
551 2650 592 2688 in
626 2648 797 2691 Christo
839 2652 1035 2691 salutem.
1072 2652 1153 2691 Noi
1189 2652 1374 2692 liavemo
1409 2661 1616 2704 recepute
1651 2662 1793 2694 vostre
1827 2655 1885 2695 le-

20 2710 146 2754 ›tere,
178 2713 220 2746 et
252 2708 362 2747 visto
396 2716 559 2760 quanto
605 2711 806 2750 scrivette
857 2723 986 2762 sopra
1020 2712 1046 2750 il
1081 2712 1301 2752 celebrare
1335 2713 1449 2752 della
1486 2726 1626 2753 messa
1661 2716 1700 2753 in
1736 2715 1883 2766 lingua

46 2762 246 2805 Dalmata
280 2767 320 2805 in
355 2767 393 2806 la
425 2768 545 2807 scola
566 2769 655 2808 sive
690 2772 951 2822 compagnia
973 2770 1144 2818 Vostra,
1177 2773 1332 2811 situata
1365 2773 1406 2810 in
1429 2772 1467 2811 le
1490 2785 1588 2812 case
1623 2773 1693 2812 (lel
1717 2773 1879 2813 Nostro

44 2821 235 2864 Priorato
269 2824 339 2865 del
373 2825 562 2878 Templo
597 2828 652 2867 de
685 2828 881 2877 Venetia,
933 2830 1060 2882 quale
1094 2830 1239 2870 dicete
1273 2844 1417 2870 essere
1452 2839 1559 2870 stata
1606 2832 1795 2871 instituta
1830 2833 1884 2872 ad

46 2883 263 2934 spirituale
296 2886 598 2926 consolatione
631 2887 745 2926 della
778 2887 936 2943 Nation
972 2889 1171 2929 Dalmata
1206 2891 1432 2942 inexperta
1467 2891 1581 2930 della
1625 2892 1770 2942 lingua
1806 2892 1884 2930 La-

45 2942 145 2991 tina,
178 2943 288 2993 circa
331 2944 370 2983 la
403 2945 546 2997 qualle
588 2946 657 2985 dal
693 2946 957 2987 Venerando
991 2948 1136 2988 Priore
1188 2949 1259 2988 del
1293 2950 1403 2989 ditto
1439 2957 1588 2989 nostro
1637 2951 1827 2990 Priorato
1863 2952 1885 2989 i·

47 2999 158 3040 facta
189 3002 342 3042 alcuna
393 3003 662 3045 difficultate.
709 3005 791 3045 Noi
843 3008 1077 3055 stimando,
1111 3008 1191 3047 che
1243 3010 1303 3047 sia
1337 3009 1360 3047 il
1416 3008 1618 3048 Dalmato
1654 3019 1694 3048 et
1732 3010 1884 3048 Latino

49 3071 136 3100 uno
171 3061 400 3103 medesmo
436 3064 529 3114 rito,
562 3072 602 3105 et
636 3066 880 3118 approbato
934 3066 1046 3107 dalla
1079 3074 1217 3107 santta
1262 3067 1412 3109 Madre
1446 3067 1642 3109 Ecclesia
1678 3069 1885 3120 Romana,
