2243 3444
380 318 425 353 76
993 317 1170 351 Fontes
1198 316 1439 358 Liturgiae

324 464 485 513 *nisque
533 464 722 512 ipsorum
766 459 945 500 utilitatis
992 461 1252 507 efficiendae,
1297 472 1383 499 non
1430 461 1593 499 minore
1637 464 1747 500 certe
1781 462 1936 510 studio,
1971 475 2097 513 quam

336 522 454 571 quod
490 526 550 560 est
583 522 621 560 in
656 520 970 559 Decessoribus
1003 520 1168 558 Nostris
1203 520 1317 558 omni
1350 523 1543 568 tempore
1577 524 1860 569 perspectum.
1896 522 1992 560 Hoc
2019 523 2100 561 sci-

336 580 430 619 licet
463 584 714 630 spectamus,
750 580 833 617 hoc
868 579 989 617 unice
1024 579 1233 627 cupimus,
1269 579 1383 616 omni
1418 590 1549 628 opere
1584 579 1842 619 contendere
1877 584 1919 619 ut
1952 584 2099 630 gentes

337 638 544 678 Slavonici
566 639 749 677 nominis
783 638 941 676 maiore
976 638 1288 687 Episcoporum
1323 641 1361 675 et
1390 637 1658 676 sacerdotum
1684 639 1807 687 copia
1829 639 2098 688 instruantur;

334 702 379 737 ut
412 699 450 737 in
485 698 752 747 professione
785 708 907 735 verae
941 697 1053 743 fidei,
1090 697 1128 734 in
1164 696 1406 735 obedientia
1437 708 1560 735 verae
1595 697 1684 735 lesu
1710 696 1862 736 Christi
1887 696 2098 737 Ecclesiae

336 757 628 803 obfirmentur,
664 755 1010 805 experiendoque
1046 755 1235 804 quotidie
1260 756 1394 804 magis
1418 756 1605 803 sentiant,
1629 759 1780 805 quanta
1800 757 1861 796 vis
1885 757 2098 796 bonorum

335 816 385 854 ab
432 813 642 854 Ecclesiae
686 812 915 853 catholicae
959 815 1149 853 institutis
1183 815 1222 852 in
1257 815 1494 853 convictum
1542 814 1823 854 domesticum
1859 827 2096 866 omnesque

325 872 591 924 reipublicae
626 874 798 912 ordines
832 873 1081 912 redundent.
1129 871 1222 912 Illae
1257 874 1430 922 quidem
1465 871 1676 912 Ecclesiae
1710 872 1911 923 plurimas
1945 878 1983 914 et
2015 887 2100 914 ma-

333 934 464 972 ximas
511 944 703 971 curarum
749 933 997 971 Nostrarum
1045 932 1123 971 sibi
1170 936 1307 982 partes
1351 932 1582 979 vindicant;
1628 945 1709 971 nec
1752 934 1980 983 quicquam
2025 937 2098 982 est,

335 992 452 1042 quod
488 996 684 1040 optemus
715 991 1020 1038 vehementius,
1056 1003 1182 1040 quam
1216 994 1259 1030 ut
1282 1003 1424 1030 earum
1448 992 1665 1041 possimus
1689 993 1977 1032 commoditati
2002 1005 2100 1042 pro-

323 1051 602 1101 ⁴speritatique
638 1048 876 1097 consulere,
912 1054 1171 1100 cunctasque
1206 1054 1413 1100 perpetuo
1445 1051 1704 1090 concordiae
1727 1063 1836 1090 nexu
1861 1052 2100 1090 Nobiscum

334 1110 488 1148 habere
525 1110 783 1156 coniunctas,
820 1110 937 1158 quod
974 1113 1035 1148 est
1067 1110 1294 1148 maximum
1324 1113 1447 1159 atque
1473 1110 1678 1159 optimum
1701 1108 1915 1149 vinculum
1939 1108 2101 1150 incolu-

326 1170 492 1207 mitatis.
529 1166 749 1217 Reliquum
786 1172 858 1215 est,
894 1172 936 1207 ut
969 1169 1154 1218 adspiret
1174 1169 1405 1218 propositis
1426 1169 1592 1207 Nostris
1615 1172 1653 1208 et
1676 1170 1871 1219 incoepta
1895 1170 2100 1209 secundet

327 1228 450 1266 dives
485 1229 523 1266 in
559 1227 848 1266 misericordia
883 1227 1014 1266 Deus.
1050 1228 1142 1266 Nos
1177 1228 1339 1266 interim
1373 1228 1487 1277 apud
1522 1228 1660 1277 ipsum
1695 1228 1995 1278 deprecatores
2029 1229 2100 1268 ad-

334 1287 529 1325 hibemus
576 1284 777 1337 Cyrillum
825 1290 863 1325 et
905 1286 1171 1325 Methodium
1218 1284 1437 1325 Slavoniae
1484 1288 1722 1335 magistros,
1768 1299 1951 1337 quorum
1996 1288 2103 1327 sicut

325 1343 529 1384 -volumus
575 1343 817 1394 amplificari
864 1343 1034 1392 cultum,
1070 1346 1120 1384 ita
1155 1343 1340 1384 coeleste
1373 1346 1652 1395 patrocinium
1687 1346 1826 1385 Nobis
1859 1346 2099 1386 adfuturum

335 1405 602 1442 confidimus.

475 1489 494 1535 ἓ
534 1488 595 1525 12.
643 1487 782 1536 Itaque
827 1488 1114 1537 praecipimus
1160 1491 1214 1535 ut,
1255 1491 1343 1526 rato
1380 1488 1447 1526 die
1482 1489 1628 1537 quinto
1663 1489 1819 1527 mensis
1853 1486 1939 1528 Iulii
1973 1501 2101 1538 quem

336 1547 359 1584 f.
386 1559 415 1584 r.
452 1546 549 1584 Pius
581 1546 631 1584 Xl
666 1546 890 1594 constituit,
926 1547 965 1585 in
1001 1545 1297 1587 Kalendarium
1339 1547 1552 1588 Romanae
1593 1550 1716 1597 atque
1751 1545 1995 1587 universalis
2028 1548 2102 1586 Ec-

335 1604 485 1644 clesiae
506 1605 719 1652 inseratur,
741 1609 973 1654 agaturque
994 1606 1218 1655 quotannis
1236 1606 1387 1644 festum
1407 1610 1647 1645 sanctorum
1669 1604 1810 1657 Cyrilli
1835 1610 1873 1645 et
1895 1607 2101 1646 Methodii

335 1676 430 1702 cum
465 1665 563 1702 ritus
599 1662 781 1713 duplicis
816 1665 991 1703 minoris
1027 1664 1184 1703 Officio
1220 1668 1258 1703 et
1291 1665 1418 1703 Missa
1452 1666 1636 1715 propria,
1666 1677 1773 1715 quae
1796 1677 1962 1705 sacrum
1987 1665 2102 1706 Con-

334 1721 471 1762 silium
506 1721 700 1771 legitimis
734 1723 882 1762 ritibus
917 1724 1236 1773 cognoscendis
1269 1724 1528 1773 approbavit.

475 1807 493 1853 ξ
533 1806 595 1844 13.
630 1805 765 1844 Vobis
815 1810 951 1845 autem
999 1806 1212 1854 omnibus,
1247 1804 1521 1845 Venerabiles
1555 1807 1726 1854 Fratres,
1762 1807 2025 1855 mandamus,
2061 1811 2104 1846 ut

333 1864 407 1903 has
442 1864 608 1903 Litteras
630 1865 810 1903 Nostras
832 1863 1112 1914 publicandas
1146 1866 1311 1912 curetis,
1347 1870 1385 1904 et
1419 1877 1526 1915 quae
1561 1866 1600 1904 in
1635 1866 1684 1904 iis
1718 1867 1973 1916 praescripta
2007 1870 2104 1906 sunt

333 1927 509 1961 cunctos
555 1935 604 1962 ex
650 1924 801 1962 ordine
849 1922 1161 1971 sacricolarum,
1209 1925 1279 1973 qui
1321 1925 1504 1963 divinum
1542 1924 1744 1963 Officium
1778 1925 1855 1963 ritu
1889 1923 2101 1964 Ecclesiae

333 1983 544 2023 Romanae
580 1980 807 2030 celebrant,
844 1995 1007 2022 servare
1043 1983 1218 2022 jubeatis
1243 1984 1281 2022 in
1307 1985 1392 2022 suis
1418 1984 1598 2033 quisque
1623 1982 1833 2031 Ecclesiis,
1859 1985 2100 2032 Provinciis,

333 2041 576 2087 civitatibus,
626 2041 927 2089 Dioecesibus‚
971 2046 1009 2081 et
1049 2040 1154 2081 locis
1189 2040 1470 2091 Regularium.
1507 2042 1704 2091 Denique
1736 2041 1935 2082 volumus
1967 2044 2102 2083 Vobis

333 2100 606 2138 suadentibus
641 2104 679 2139 et
713 2101 1048 2148 cohortantibus,
1084 2102 1122 2140 in
1158 2103 1399 2140 universum
1433 2102 1573 2150 rogari
1608 2106 1731 2150 atque
1767 2103 1874 2141 orari
1899 2100 2100 2153 Cyrillum

333 2162 370 2197 et
403 2159 681 2206 Methodium,
718 2164 759 2198 ut
796 2172 881 2209 qua
913 2158 1049 2199 valent
1083 2161 1195 2209 apud
1230 2160 1369 2199 Deum
1405 2161 1545 2209 gratia,
1572 2160 1746 2199 Oriente
1770 2164 1858 2199 toto
1883 2173 1971 2199 rem
1995 2162 2102 2200 chri—

333 2218 503 2256 stianam
534 2221 737 2265 tueantur,
776 2217 995 2268 implorata
1020 2217 1236 2271 catholicis
1260 2219 1505 2258 hominibus
1530 2220 1773 2267 constantia,
1799 2219 2102 2259 dissidentibus

332 2274 668 2315 reconciliandae
704 2289 802 2316 curn
836 2290 932 2316 vera
966 2277 1178 2317 Ecclesiae
1213 2278 1470 2317 concordiae
1503 2276 1726 2317 voluntate.

473 2361 491 2406 ξ
531 2361 593 2397 14.
632 2359 764 2407 Haec,
801 2364 842 2398 ut
876 2372 1001 2410 supra
1036 2361 1188 2410 scripta
1222 2364 1329 2404 sunt,
1365 2361 1415 2399 ita
1449 2363 1531 2399 rata
1565 2363 1603 2399 et
1635 2360 1752 2399 firma
1787 2372 1880 2399 esse
1905 2361 2102 2400 iubemus

332 2429 415 2455 non
452 2418 720 2458 obstantibus
756 2420 884 2458 sancti
920 2420 977 2458 Pii
1000 2420 1035 2458 V
1070 2420 1282 2458 Pontificis
1315 2419 1568 2458 Decessoris
1601 2419 1743 2458 Nostri
1778 2417 1952 2468 aliisque
1985 2419 2101 2470 Apo-

333 2474 491 2515 stolicis
524 2478 653 2526 super
693 2479 883 2518 Breviarii
919 2482 957 2517 et
989 2476 1170 2517 Missalis
1204 2479 1378 2519 Romani
1413 2478 1710 2517 reformatione
1746 2478 1865 2517 editis
1890 2478 2101 2518 Constitu-

332 2535 530 2583 tionibus,
575 2538 732 2576 statutis
779 2549 954 2586 quoque
998 2549 1046 2576 ac
1092 2537 1486 2583 consuetudinibus,
1523 2537 1642 2575 etiam
1677 2536 2100 2586 immemorabilibus,

334 2595 568 2643 ceterisque
604 2597 824 2635 contrariis
859 2596 1217 2645 quibuscumque.

473 2652 735 2693 Coelestium
768 2667 870 2693 vero
906 2667 1129 2694 munerum
1164 2655 1380 2704 auspicem
1416 2658 1453 2693 et
1486 2655 1738 2704 praecipuae
1769 2654 1949 2694 Nostrae
1973 2655 2100 2694 bene-

331 2709 535 2750 volentiae
561 2714 730 2762 pignus,
756 2712 1045 2763 Apostolicam
1070 2714 1412 2752 benedictionem
1431 2713 1565 2752 Vobis
1590 2713 1803 2760 omnibus,
1826 2712 2101 2753 Venerabiles

334 2769 503 2817 Fratres,
548 2775 793 2821 cunctoque
835 2770 962 2811 Clero
1007 2776 1044 2811 et
1077 2770 1241 2822 populo
1277 2770 1454 2821 singulis
1487 2772 1681 2811 Vestrum
1716 2773 1947 2811 commisso
1982 2785 2101 2822 pera-

336 2832 492 2866 manter
525 2830 563 2867 in
598 2830 791 2869 Domino
827 2832 1102 2880 impertimus.

476 2922 627 2962 Datum
663 2926 824 2965 Romae
860 2926 973 2975 apud
1008 2930 1196 2964 sanctum
1232 2926 1396 2964 Petrum
1433 2925 1499 2963 die
1532 2925 1644 2963 XXX
1678 2924 1936 2974 Septembris
1974 2924 2098 2964 Anno

331 2980 698 3030 MDCCCLXXX,
739 2984 1007 3023 Pontificatus
1040 2985 1182 3023 Nostri
1216 2996 1326 3022 anno
1359 2984 1513 3023 Tertio.

1062 3091 1167 3130 LEO
1204 3092 1279 3130 1³12.
1312 3092 1395 3130 Xlll

478 3190 585 3232 Juxta
613 3192 863 3226 authenticum
892 3193 1031 3230 Romae
1060 3194 1211 3236 editum,
1239 3194 1381 3228 adiecta
1408 3195 1530 3228 tamen
1558 3194 1749 3228 notatione
1768 3193 2098 3237 paragraphorum.
