2191 3434
602 332 616 343 -
644 307 1174 351 Glagolito-Romanae
1201 309 1294 345 XIX.
1321 320 1350 345 s.
1793 313 1832 347 71

104 452 315 500 recolens,
359 451 511 491 festum
546 451 617 493 SS.
644 451 787 504 Cyrilli
823 455 862 492 et
894 452 1087 493 Methodi
1123 454 1349 503 quotannis
1383 454 1422 492 in
1457 455 1652 495 universa
1697 456 1884 496 Ecclesia

105 535 201 563 cum
239 523 398 563 Officio
434 526 472 562 et
505 524 634 563 Missa
669 524 842 574 propria
875 523 944 563 die
979 526 1017 563 5.
1050 523 1168 574 Juliis
1203 524 1509 564 celebrandum
1543 527 1770 566 constituit.

246 641 503 681 Sanctissimi
551 642 712 682 domini
754 644 886 682 nostri
928 643 1082 682 Leonis
1126 643 1264 682 divina
1308 643 1572 693 providentia
1618 656 1754 694 papae
1786 645 1881 685 XIII.

104 702 284 752 epistola
317 702 538 753 Encyclica
569 702 620 741 ad
656 703 911 752 patriarchas
954 703 1153 753 primates
1187 702 1542 753 archiepiscopos
1577 707 1615 742 et
1649 704 1883 755 episcopos

103 761 327 801 universos
361 761 556 801 catholici
593 762 709 801 orbis
753 762 928 812 gratiam
963 765 1002 801 et
1035 762 1341 801 comunionem
1377 774 1473 801 cum
1508 764 1746 813 apostolica
1779 764 1882 804 sede

102 820 321 861 habentes.

245 880 572 919 Venerabilibus
626 880 823 920 fratribus
877 880 1122 930 patriarchis
1177 880 1426 930 primatibus
1478 881 1790 932 archipiscopis
1844 885 1882 922 et

102 939 320 989 episcopis
354 940 560 979 universis
595 940 791 979 catholici
827 939 943 979 orbis
978 940 1153 990 gratiam
1201 943 1239 979 et
1282 941 1588 980 comunionem
1635 952 1731 980 cum
1777 953 1884 991 apo-

101 998 249 1038 stolica
294 998 398 1038 sede
441 998 697 1038 habentibus
743 999 828 1038 Leo
879 999 954 1038 1³1³.
991 999 1086 1040 XIII.
1122 999 1398 1039 Venerabiles
1440 999 1598 1048 iratres,
1634 1001 1810 1040 salutem
1846 1004 1884 1040 et

102 1058 381 1108 apostolicam
416 1058 777 1099 benedictionem.

243 1137 263 1184 ξ
303 1137 334 1174 l.
372 1135 546 1175 Grande
580 1147 734 1175 munus
780 1135 990 1174 christiani
1035 1136 1219 1175 nominis
1267 1135 1549 1186 propagandi,
1596 1136 1722 1175 beato
1759 1137 1880 1176 Petro

102 1195 284 1245 principi
317 1195 627 1245 Apostolorum
652 1196 831 1245 eiusque
856 1194 1170 1234 Succesoribus
1194 1196 1396 1246 singulari
1420 1195 1554 1234 modo
1580 1196 1880 1235 demandatum

101 1254 317 1297 Romanos
352 1254 578 1294 Pontifices
612 1255 790 1305 impulit,
826 1259 868 1293 ut
902 1256 1008 1294 sacri
1043 1255 1242 1305 Evangeli
1286 1256 1456 1293 nuntios
1500 1255 1550 1293 ad
1597 1256 1729 1294 varias
1765 1256 1881 1295 orbis

98 1317 300 1353 terrarum
335 1317 484 1364 gentes
519 1312 700 1354 diVersis
733 1314 1002 1364 temporibus
1036 1314 1264 1353 mittendos
1307 1318 1512 1361 curarent,
1559 1318 1684 1364 prout
1729 1327 1796 1354 res
1844 1319 1881 1354 et

99 1373 277 1412 consilia
311 1374 548 1413 miserentis
583 1373 661 1413 Dei
698 1374 913 1423 postulare
947 1373 1202 1413 viderentur.
1245 1397 1288 1400 —
1329 1374 1627 1423 Quamobrem
1663 1374 1769 1413 sicut
1797 1374 1880 1413 Au-

100 1433 315 1483 gustinum
350 1433 401 1472 ad
437 1433 657 1473 Britannos
692 1434 731 1472 in
767 1433 972 1472 culturam
1007 1434 1248 1472 animorum
1285 1433 1543 1483 legaverunt,
1581 1433 1802 1472 Patricium
1828 1433 1879 1472 ad

101 1492 333 1542 Hibernos,
368 1492 630 1532 ssonifacium
656 1493 708 1532 ad
734 1492 990 1540 Germanos,
1015 1492 1350 1532 Willebrordum
1375 1492 1427 1531 ad
1451 1492 1651 1539 Phrisios,
1688 1493 1878 1540 Batavos,

99 1551 265 1602 Belgas,
300 1552 495 1602 aliosque
529 1563 738 1602 persaepe
773 1552 824 1591 ad
860 1552 989 1599 alios3
1032 1553 1093 1591 sic
1128 1552 1249 1591 etiam
1284 1552 1508 1602 apostolici
1545 1553 1730 1592 muneris
1765 1552 1878 1602 apud

99 1609 320 1651 Slavoniae
355 1612 545 1662 populos
571 1611 761 1651 obeundi
783 1612 1020 1651 facultatem
1047 1611 1221 1663 Cyrillio
1247 1615 1285 1650 et
1306 1611 1543 1657 Methodio,
1578 1612 1674 1650 viris
1708 1612 1879 1650 sanctis-

100 1671 230 1718 simis,
266 1674 591 1710 concesserunt:
634 1683 817 1722 quorum
853 1672 1042 1710 instantia
1076 1672 1355 1721 maximisque
1391 1671 1610 1710 laboribus
1646 1671 1876 1721 perfectum

99 1733 172 1778 est,
208 1733 250 1769 ut
283 1730 340 1769 illi
374 1731 588 1781 Evangelii
624 1731 767 1770 lumen
811 1731 1062 1781 aspicerent,
1098 1734 1136 1770 et
1170 1731 1220 1770 ab
1256 1731 1408 1781 agresti
1442 1731 1520 1769 vita
1555 1730 1607 1769 ad
1648 1731 1877 1769 humanum

98 1789 356 1840 civilemque
391 1790 549 1829 cultum
585 1790 913 1830 deducerentur.

240 1870 260 1917 ἓ
294 1870 332 1908 2.
370 1867 573 1919 Cyrillum
609 1869 644 1907 ei
680 1868 932 1915 Methodim‚
980 1879 1054 1917 par
1096 1866 1436 1917 Appostolorum
1479 1867 1808 1914 nobilissimum,
1843 1867 1877 1905 si

101 1927 322 1967 hominum
346 1927 467 1975 fama,
503 1927 813 1967 beneficiorum
840 1939 1019 1976 memor,
1046 1927 1263 1966 celebrare
1299 1925 1493 1965 Slavonia
1528 1929 1611 1965 tota
1646 1937 1877 1975 numquam

100 1986 241 2033 desiit;
293 1997 380 2027 non
429 1987 594 2026 minore
643 1990 755 2026 certe
801 1987 942 2026 studio
989 1987 1133 2026 colere
1178 1986 1366 2024 Ecclesia
1411 1985 1598 2026 Romana
1645 1985 1877 2031 consuevit,

100 2057 209 2096 quae
244 2049 282 2085 et
315 2050 541 2097 utrumque
599 2058 763 2094 eorum,
811 2046 1015 2096 quamdiu
1050 2047 1251 2092 vixerunt,
1299 2045 1438 2083 multis
1482 2044 1612 2084 rebus
1658 2045 1879 2083 honoravit

100 2108 138 2144 et
186 2106 354 2145 alterius
404 2105 616 2145 demortui
660 2106 875 2145 cineribus
919 2117 1061 2144 carere
1107 2105 1253 2144 noluit.
1308 2127 1350 2131 -
1399 2103 1499 2143 Inde
1543 2104 1623 2142 iam
1668 2104 1718 2142 ab
1766 2115 1877 2142 anno

100 2164 424 2204 MDCCCLXIII
459 2164 670 2205 Slavonici
718 2166 887 2215 generis
931 2165 1148 2214 Bohemis‚
1188 2164 1373 2203 Moravis
1409 2166 1446 2202 et
1481 2163 1667 2211 Croatis,
1704 2163 1775 2213 qui
1810 2175 1878 2202 so-

98 2224 252 2263 lemnia
285 2225 324 2263 in
360 2225 570 2264 honorem
607 2225 751 2277 Cyrilli
787 2228 824 2265 et
858 2224 1065 2264 Methodii
1113 2223 1330 2263 celebrare
1374 2223 1600 2273 quotannis
1645 2222 1713 2262 die
1760 2234 1876 2261 nono

99 2284 256 2323 mensis
303 2285 433 2323 martii
481 2288 803 2332 consueverant,
849 2283 1110 2334 indulgentia
1158 2283 1215 2322 Pii
1259 2283 1308 2321 IX
1354 2282 1601 2321 immortalis
1646 2282 1877 2320 memoriae

98 2342 341 2383 decessoris
376 2343 517 2383 Nostri
563 2345 819 2392 permissum
868 2347 941 2391 est,
989 2346 1032 2382 ut
1071 2342 1276 2392 deinceps
1320 2341 1432 2381 diem
1481 2342 1671 2391 quintum
1720 2342 1876 2380 mensis

97 2400 184 2441 Iulii
217 2402 367 2441 festum
403 2406 589 2453 agerent,
624 2403 903 2453 horariasque
938 2414 1088 2453 preces
1130 2402 1186 2441 ob
1223 2401 1365 2453 Cyrilli
1401 2404 1440 2440 et
1473 2400 1680 2440 Methodii
1715 2412 1877 2439 memo-

96 2461 199 2500 riam
235 2460 540 2512 persolverent.
576 2463 730 2512 Neque
765 2463 897 2502 multo
921 2465 1034 2514 post,
1070 2474 1157 2512 quo
1186 2464 1381 2511 tempore
1405 2460 1648 2500 Concilium
1675 2471 1874 2509 magnum

97 2520 148 2560 ad
184 2521 428 2560 Vaticanum
474 2522 712 2571 haberetur,
755 2522 978 2572 perplures
1013 2521 1215 2571 Episcopi
1259 2520 1311 2560 ab
1360 2521 1438 2559 hac
1474 2519 1720 2569 Apostolica
1764 2518 1874 2558 Sede

97 2580 346 2630 suppliciter
379 2582 631 2630 petiverunt,
678 2584 720 2620 ut
754 2581 1006 2620 eorumdem
1042 2581 1179 2620 cultus
1214 2583 1252 2619 et
1285 2582 1384 2618 stata
1418 2579 1664 2618 solemnitas
1699 2577 1750 2616 ad
1785 2578 1874 2616 uni-

96 2651 258 2678 versam
293 2640 523 2679 Ecclesiam
570 2644 891 2691 propagaretur.
939 2640 1095 2680 Verum
1140 2639 1288 2678 iniecta
1335 2638 1386 2678 ad
1431 2639 1537 2677 hanc
1584 2637 1695 2677 diem
1730 2649 1787 2683 re,
1839 2640 1876 2675 et

97 2698 154 2738 ob
188 2702 430 2749 temporum
465 2700 579 2740 vices
615 2703 771 2739 mutato
807 2712 883 2750 per
917 2711 986 2738 eas
1020 2699 1222 2749 regiones
1245 2698 1538 2748 reipubbhcae
1561 2700 1678 2746 statu,
1715 2708 1874 2746 oppor-

96 2759 220 2797 tunus
245 2758 384 2798 Nobis
409 2759 577 2798 oblatus
600 2759 765 2799 videtur
789 2759 911 2798 Iocus
934 2758 1101 2798 iuvandi
1126 2757 1348 2797 Slavoniae
1374 2757 1577 2807 populos,
1614 2756 1666 2795 de
1691 2767 1872 2804 quorum

97 2817 382 2856 incolumitate
417 2821 456 2857 et
489 2819 620 2857 salute
655 2819 824 2857 solliciti
861 2829 1125 2868 magnopere
1159 2828 1320 2856 sumus.
1368 2817 1494 2865 Igitur
1528 2827 1623 2854 cum
1659 2818 1872 2864 paternam

97 2877 305 2915 caritatem
342 2877 538 2916 Nostram
586 2878 699 2916 nulla
745 2878 785 2916 in
828 2889 872 2916 re
915 2877 966 2916 ab
1011 2878 1058 2915 iis
1105 2875 1337 2914 desiderari
1383 2875 1575 2924 patimur,
1619 2877 1703 2912 tum
1755 2873 1873 2910 latius

97 2935 274 2984 proferri
309 2937 543 2986 augerique
590 2938 844 2987 reIIgIonem
881 2936 1078 2975 volumus
1114 2935 1335 2973 hominum
1371 2933 1753 2978 sanctissimorum,
1801 2931 1871 2980 qui

97 2992 340 3034 Slavonicas
375 2999 537 3045 gentes,
572 2997 679 3035 sicut
714 2996 830 3043 olim,
866 2995 1135 3033 disseminata
1169 2993 1254 3032 fide
1279 2993 1499 3038 catholica,
1535 2992 1586 3030 ab
1622 2990 1783 3030 interitu
1819 2989 1870 3027 ad

96 3053 271 3093 salutem
307 3058 569 3103 revocarunt,
605 3056 656 3094 ita
690 3067 802 3094 nunc
836 3057 931 3093 sunt
964 3053 1139 3092 coelesti
1164 3053 1399 3101 patrocinio
1425 3054 1618 3100 potenter
1641 3048 1869 3088 defensuri.

97 3111 199 3161 Quo
234 3116 372 3152 autem
407 3115 541 3164 magis
576 3117 776 3164 emergat,
812 3114 959 3163 quales
994 3112 1073 3150 sint
1107 3123 1218 3161 quos
1241 3111 1333 3149 orbi
1357 3110 1567 3149 catholico
1603 3107 1870 3147 venerandos

96 3175 134 3210 et
176 3172 387 3211 colendos
447 3174 744 3224 proponimus,
795 3173 930 3222 placet
979 3182 1119 3210 rerum
1167 3173 1378 3220 gestarum
1429 3168 1642 3207 historiam
1691 3167 1871 3205 breviter

95 3231 311 3281 attingere.
