2243 3444
333 333 380 368 84
960 331 1135 365 Fontes
1161 329 1402 372 Liturgiae

647 499 718 542 97.
758 498 894 547 1886,
932 498 991 539 16
1021 495 1227 551 Augusti,
1263 496 1437 542 Romae
1470 495 1693 550 (sadren).

429 606 602 647 Decisio
637 605 676 645 S.
697 607 861 647 Rituum
897 604 1258 654 Congregationis
1292 605 1401 644 circa
1435 617 1559 644 usum
1593 603 1783 655 liturgiae
1818 601 2059 654 Glagolito·

288 679 500 721 Romanae
535 678 573 716 in
609 674 787 716 ecclesia
821 674 1052 726 parochiali
1086 676 1151 714 Esi
1186 676 1372 725 Maioris.

428 760 493 799 Ad
529 760 704 799 dubium
740 759 1007 809 propositum
1043 759 1093 797 ab
1120 759 1306 798 Henrico
1331 758 1521 798 Bernetic'
1546 760 1737 809 parocho
1762 760 1828 799 Esi
1852 758 2026 808 Maioris
2043 773 2055 797 r

428 819 491 858 An
540 819 754 858 decretum
791 818 1084 857 Ordinariatus
1116 817 1344 868 jadrensis,
1389 830 1475 868 quo
1521 819 1676 857 oratori
1720 831 1822 858 usus
1863 816 2057 867 liturgIae

289 876 763 928 Glagolito-Romanae
798 877 1068 925 interdicitur,
1096 875 1161 916 illa
1195 889 1291 916 cum
1327 878 1572 916 conditione
1607 881 1650 917 ut
1682 881 1823 917 orator
1857 878 1958 917 infra
1993 876 2058 915 bi-

287 942 437 977 mestre
484 937 535 976 ad
571 935 609 975 S.
631 936 785 975 Sedem
828 940 1025 984 recurrat,
1069 937 1344 985 sustineatur;
1388 935 1427 976 S.
1454 938 1618 979 Rituum
1654 936 1946 987 Congregatio
1985 935 2058 975 die

292 997 340 1036 16
374 996 552 1045 Augusti
592 996 713 1035 1886.

427 1056 576 1105 Resp.:
617 1052 708 1103 „Nil
744 1055 1008 1093 innovetur“.

428 1146 681 1182 Protocollum
710 1145 744 1181 S.
764 1146 912 1183 Rituum
942 1146 1257 1189 Congregationis
1285 1148 1371 1182 anni
1400 1147 1501 1190 1886,
1531 1147 1573 1181 16
1588 1147 1758 1190 Augusti.

937 1278 1008 1321 98.
1049 1279 1184 1329 1886,
1220 1277 1406 1323 Romae.

428 1387 511 1425 Leo
547 1386 588 1425 P.
611 1386 705 1424 XIII.
733 1386 961 1425 oratorium
997 1385 1067 1426 SS.
1094 1384 1235 1438 Cyrilli
1271 1390 1309 1425 et
1341 1386 1548 1426 Methodii
1582 1387 1622 1425 in
1647 1384 1957 1426 coelimontana
1983 1386 2059 1425 ba-

285 1456 399 1497 silica
433 1457 472 1497 S.
499 1456 742 1505 Clementis,
779 1459 955 1507 egregio
993 1470 1124 1509 opere
1159 1471 1207 1498 ac
1238 1459 1372 1498 tribus
1405 1459 1577 1509 picturis
1610 1458 1851 1509 panetariis,
1876 1458 1916 1496 in
1940 1458 2057 1507 prin—

285 1527 366 1579 pali
401 1541 578 1579 quarum
612 1541 656 1567 se
691 1529 830 1579 ipsum
863 1529 1130 1569 fundatorem
1165 1542 1213 1569 ac
1237 1527 1474 1569 oblatorem
1500 1530 1742 1580 effigiatum,
1765 1526 2058 1569 oblationibus

283 1604 364 1639 tam
399 1600 449 1638 ab
485 1600 700 1650 Episcopo
734 1600 990 1640 Diakovensi
1025 1601 1203 1651 ejusque
1251 1599 1462 1651 Capitulo,
1496 1613 1576 1640 nec
1623 1613 1711 1640 non
1756 1613 1778 1640 a
1824 1598 2058 1640 Sodalibus

286 1670 324 1710 S.
351 1672 597 1722 Hieronymi
632 1669 913 1710 Slavonorum
948 1672 1000 1711 de
1035 1672 1151 1711 Urbe
1186 1677 1338 1722 sponte
1373 1670 1548 1721 collatis,
1578 1685 1704 1723 quam
1738 1684 1813 1712 sua
1846 1673 2057 1722 impensa,

285 1745 469 1781 erectum
505 1741 703 1790 dedicari,
739 1741 994 1792 duabusque
1028 1743 1374 1793 inscriptionibus
1408 1743 1600 1783 decorari
1635 1743 1761 1783 iubet.

426 1823 559 1874 Supra
593 1825 796 1874 picturam
830 1823 1110 1864 translationis
1144 1825 1183 1865 S.
1209 1824 1376 1877 Cyrilli:

567 1894 691 1934 Anno
726 1895 1085 1936 DCCCLXXXVI

567 1964 776 2005 Sacellum
812 1964 953 2018 Cyrilli
988 1971 1026 2006 et
1058 1968 1279 2016 Methodii,

569 2037 752 2074 quorum
788 2025 977 2065 doctrina
1013 2030 1051 2065 et
1084 2024 1230 2066 labore

567 2084 726 2123 Gentes
760 2083 944 2124 Slavicae
980 2097 1130 2125 omnes

567 2144 831 2182 christianam
866 2145 1110 2194 sapientiam
1146 2157 1373 2194 agnovere,

567 2203 848 2242 munificentia
882 2203 1035 2242 Leonis
1067 2204 1162 2243 XIII.
1189 2205 1230 2243 Ρ.
1255 2205 1311 2243 Μ.

568 2262 805 2300 Extructum
841 2266 879 2301 et
912 2266 1118 2310 ornatum,

568 2325 735 2360 curante
771 2321 898 2360 Dom.
924 2320 1119 2360 Bartolini
1155 2322 1280 2361 Card.
1305 2323 1359 2361 tit.
1383 2323 1612 2361 Marciano.

427 2447 559 2498 Supra
593 2450 796 2499 picturam
831 2450 990 2502 Synodi
1025 2451 1237 2492 Romanae
1272 2452 1366 2490 anni
1401 2453 1503 2491 868:

565 2543 778 2593 josephus
813 2545 1030 2594 Georgius
1065 2545 1349 2597 Strossmayer

567 2603 798 2652 episcopus
832 2605 1060 2643 Bosnensis
1095 2609 1133 2643 et
1166 2604 1416 2652 Sirmiensis,

573 2659 944 2710 splendidissimus
979 2664 1088 2702 ordo
1124 2663 1443 2703 Canonicorum
1477 2664 1807 2703 Diacovensium

568 2723 606 2758 et
638 2719 809 2760 sodales
843 2720 987 2773 Illyrici
1021 2735 1042 2761 a
1077 2721 1116 2761 S.
1142 2723 1420 2774 Hieronymo,

569 2780 791 2827 pecuniam
827 2782 866 2819 in
901 2782 1044 2830 operis
1077 2784 1236 2831 partem

568 2849 641 2875 sua
674 2836 884 2878 voluntate
919 2838 1197 2879 contulerunt.

427 2914 478 2948 Ex
505 2917 725 2960 apographo
753 2918 930 2953 Doctoris
958 2919 1083 2954 Caroli
1112 2920 1158 2954 de
1186 2919 1341 2954 l-lorvat.

377 3063 399 3082 ξ’
782 3072 851 3114 99.
890 3073 1026 3121 1887,
1062 3074 1120 3114 31
1152 3072 1330 3123 Martii,
1365 3071 1550 3117 Romae.

428 3161 466 3201 S.
492 3162 625 3203 Sedes
659 3177 781 3204 usum
816 3165 1004 3215 liturgiae
1046 3165 1499 3217 Glagolito-Romanae
1546 3169 1585 3207 in
1631 3170 1846 3218 provincIa
1878 3170 2055 3209 Antiba-

286 3233 409 3279 rensi,
444 3234 658 3283 antiquum
693 3234 957 3285 privilegium
991 3236 1199 3277 nationale
1233 3238 1542 3286 confirmando,
1578 3239 1721 3278 denuo
1755 3239 1926 3280 inducit.
