2243 3444
303 309 349 345 86
922 306 1414 348 FontesLiturgiae

704 488 806 530 IOO.
848 487 984 536 1887,
1023 487 1082 527 12
1113 485 1246 538 Masi,
1290 483 1598 527 Vindobonae.

398 597 579 636 Nuntius
597 594 872 646 Apostolicus
895 592 1095 646 Aloysius
1115 592 1378 641 Galimberti,
1396 594 1626 633 occasione
1654 595 2033 645 raepristinationis

256 665 446 717 liturgiae
491 666 952 717 Glagolito-Romanae
999 667 1038 705 in
1073 665 1289 716 provincia
1335 663 1602 704 Antibarensi
1649 663 1844 714 declarat,
1884 666 1970 705 hoc
2009 678 2033 705 a

256 738 295 778 S.
321 738 431 778 Sede
464 739 616 777 factum
650 738 778 777 fuisse
803 737 855 776 ad
881 737 1246 776 confirmationem
1280 738 1466 775 vetustae
1490 737 1799 785 concessionis,
1823 748 1910 776 non
1927 748 2032 777 vero

257 810 309 849 ad
343 822 496 849 novam
531 821 706 859 prorsus
741 809 1070 848 concessionem
1104 805 1425 857 indulgendam.

513 902 789 943 Illustrissime
823 915 871 942 ac
905 902 1271 945 Reverendissime
1306 902 1492 941 Domine
1526 903 1762 953 Episcope!

398 988 571 1027 Noverit
593 987 837 1026 Dominatio
861 987 1008 1026 Vestra
1033 984 1310 1025 Illustrissima
1335 997 1383 1024 ac
1411 985 1776 1028 Reverendissima
1811 983 2031 1026 catholicis

257 1047 516 1097 principatus
558 1047 714 1085 Montis
747 1047 866 1095 Nigri
910 1043 1118 1084 indultum
1153 1045 1258 1084 fuise
1293 1057 1314 1084 a
1349 1044 1388 1084 S.
1415 1044 1539 1092 Sede,
1585 1048 1629 1084 ut
1661 1046 1701 1084 in
1748 1046 1838 1087 Ritu
1885 1046 2029 1085 Latino

257 1106 462 1145 obeundo
497 1106 708 1153 idiomate,
744 1105 862 1155 quod
895 1108 1048 1144 vocant
1080 1102 1407 1154 palaeoslavico,
1443 1105 1498 1143 uti
1532 1105 1709 1155 possint.

400 1165 657 1204 Huiusmodi
693 1166 1020 1204 concessionem
1057 1165 1258 1214 Princeps
1292 1164 1449 1203 Montis
1472 1164 1592 1213 Nigri
1627 1176 1648 1203 a
1672 1163 1711 1203 S.
1737 1163 1848 1204 Sede
1873 1161 2033 1214 efflagi-

255 1228 407 1263 taverat
429 1236 480 1263 eo
503 1228 709 1274 tempore,
746 1236 832 1274 quo
869 1224 921 1263 de
957 1224 1243 1263 conuentIOne
1269 1235 1365 1262 cum
1401 1224 1594 1266 Romano
1617 1224 1818 1262 Pontifice
1844 1223 2028 1263 ineunda

256 1287 392 1322 actum
426 1284 510 1322 fuit.
544 1284 702 1323 Verum
738 1284 1023 1333 opportunius
1055 1283 1191 1322 visum
1226 1286 1287 1322 est
1320 1283 1567 1322 huiusmodi
1613 1280 1943 1333 postulationem
1977 1283 2032 1321 ad

256 1355 429 1381 examen
465 1355 663 1382 revocare
698 1346 795 1393 post
817 1343 1115 1381 conuentionis
1144 1340 1351 1392 expletam
1382 1340 1709 1392 stipulationem.
1747 1341 1856 1382 Cum
1890 1345 2030 1381 autem

256 1402 363 1440 dicta
397 1403 622 1441 conventio
657 1400 829 1441 feliciter
863 1403 1152 1445 successisset,
1188 1413 1267 1441 nec
1301 1413 1434 1451 pauca
1469 1402 1624 1440 sancita
1649 1402 1843 1451 utrinque
1876 1405 2032 1449 essent,

256 1473 363 1510 quae
399 1462 435 1500 ei
469 1462 527 1500 rei
562 1460 793 1501 catholicae
838 1460 1173 1500 emolumentum
1215 1461 1428 1509 cederent,
1477 1473 1525 1500 ac
1560 1461 1761 1511 PrInceps
1795 1462 1885 1511 ipse
1920 1472 2034 1500 onus

256 1520 518 1559 dotationum
563 1520 942 1560 ecclesiasticarum
990 1521 1067 1559 sibi
1118 1521 1390 1570 suscepisset,
1436 1524 1522 1559 tum
1571 1517 1775 1570 Principis
1821 1517 2031 1570 postulata

255 1581 432 1618 examini
467 1580 675 1619 subiicere
710 1593 731 1619 e
754 1593 796 1619 re
829 1581 964 1619 visum
1000 1584 1072 1619 est.
1110 1579 1401 1629 Congregatio
1426 1583 1564 1618 autem
1593 1580 2031 1619 Eminentissimorum

257 1637 556 1688 Cardinalium,
593 1640 748 1690 quibus
782 1640 866 1679 hoc
898 1640 1118 1689 negotium
1153 1640 1432 1678 commissum
1468 1643 1540 1687 est,
1576 1639 1780 1689 Principis
1814 1638 2031 1678 desiderio

257 1710 334 1748 pro
370 1699 568 1738 idiomate
603 1698 759 1738 slavico
785 1699 1032 1738 inducendo
1056 1699 1397 1738 satisfaciendum
1433 1710 1526 1738 esse
1562 1699 1689 1746 duxit,
1725 1710 1776 1737 eo
1803 1696 1868 1738 vel
1893 1699 2031 1748 magis

255 1758 542 1797 Antibarensis
583 1760 703 1797 etiam
746 1758 1073 1808 Archiepiscopi
1118 1759 1335 1808 impensae
1377 1759 1601 1808 petitiones
1639 1758 1719 1797 hac
1741 1757 1794 1797 de
1828 1769 1872 1797 re
1906 1758 2030 1797 inter-

257 1818 493 1857 cessissent.
724 1827 728 1830 ’

398 1878 506 1916 l-linc
551 1875 669 1916 facile
705 1877 951 1916 Dominatio
986 1877 1132 1916 Vestra
1175 1876 1434 1927 dijudicabit,
1475 1877 1728 1915 auctoritatis
1761 1880 1847 1915 tum
1895 1873 2032 1915 eccle-

256 1937 442 1975 siasticae
483 1940 569 1975 tum
604 1934 733 1975 civilis
780 1948 963 1975 comune
1004 1936 1251 1985 suffragium
1305 1948 1383 1986 pro
1419 1936 1618 1975 idiomate
1653 1934 1816 1975 Slavico
1863 1936 1903 1974 in
1938 1936 2030 1977 Ritu

257 1997 398 2035 Latino
433 1996 681 2046 peragendo
716 1996 903 2034 habitum
938 1996 1080 2035 fuisse.
1116 1996 1208 2035 Nec
1240 2007 1342 2034 vero
1378 1996 1508 2034 omitti
1543 1995 1670 2034 debet
1703 1995 1742 2034 in
1767 2007 1867 2034 casu
1891 1997 2028 2034 actum

256 2067 342 2094 non
376 2056 503 2095 fuisse
539 2056 591 2094 de
626 2067 734 2094 nova
769 2067 946 2105 prorsus
981 2056 1279 2102 concessione,
1314 2055 1391 2094 sed
1426 2055 1480 2093 de
1512 2058 1697 2094 vetustae
1732 2054 2029 2093 concessionis

256 2115 589 2162 confirmatione,
615 2115 721 2154 sicut
744 2112 908 2153 Nicolai
933 2115 972 2162 I.,
999 2114 1199 2153 l-ladriani
1222 2115 1276 2162 [Ι.,
1300 2115 1473 2164 Joannis
1495 2114 1606 2162 Vlll.,
1627 2117 1665 2153 et
1688 2113 1903 2152 Benedicti
1923 2113 2028 2153 XIV.

256 2172 527 2223 Apostolicae
563 2175 883 2213 constitutiones
916 2177 1127 2212 testantur.
1163 2174 1316 2223 Neque
1351 2174 1426 2212 abs
1450 2185 1492 2212 re
1518 2174 1592 2212 erit
1614 2170 1960 2221 animadvertere,
1989 2173 2030 2211 in

257 2234 441 2282 praefato
477 2245 575 2272 casu
609 2246 695 2272 non
731 2233 783 2272 de
818 2233 1017 2272 idiomate
1052 2231 1194 2282 aliquo
1228 2230 1456 2272 vernaculo
1489 2231 1553 2272 vel
1587 2230 1748 2281 vulgari
1772 2244 1860 2271 rem
1897 2235 2029 2271 actam

256 2292 397 2340 fuisse,
433 2293 508 2331 sed
544 2293 595 2331 de
632 2293 829 2331 idiomate
864 2290 1073 2341 liturgico,
1109 2292 1228 2342 quod
1261 2292 1343 2342 jam
1379 2292 1449 2330 diu
1485 2292 1523 2330 in
1559 2291 1709 2330 divinis
1739 2291 1875 2330 officis
1908 2303 2025 2341 pera-

257 2352 408 2401 gendis
448 2351 486 2390 S.
513 2351 646 2391 Sedes
680 2349 804 2402 plene
839 2351 1158 2401 approbaverat.
1208 2350 1576 2400 Quandoquidem
1610 2363 1711 2390 vero
1759 2350 1812 2389 de
1852 2351 2030 2400 negotio

258 2412 393 2460 gravis
428 2412 602 2449 omnino
644 2412 860 2459 momenti,
903 2411 1110 2460 quodque
1156 2411 1243 2449 suis
1276 2422 1363 2449 non
1409 2414 1521 2449 caret
1564 2408 1889 2458 difficultatibus,
1935 2422 2031 2460 per-

256 2474 460 2518 tractetur,
501 2471 598 2509 hinc
638 2469 676 2509 S.
707 2469 840 2509 Sedes
873 2469 1214 2520 Archiepiscopo
1248 2469 1513 2508 Antibarensi
1548 2469 1865 2508 instructionem
1900 2468 2030 2517 dedit,

258 2533 299 2568 ut
333 2529 480 2568 eadem
515 2528 657 2578 lingua
703 2527 1007 2579 palaeoslavica
1043 2530 1082 2568 in
1117 2541 1191 2568 sua
1238 2528 1427 2568 dioecesi
1469 2540 1555 2568 non
1603 2529 1719 2578 prius
1766 2528 2030 2577 adhibeatur,

259 2600 383 2637 quam
418 2588 457 2627 S.
483 2588 615 2627 Sedes
649 2586 867 2637 liturgicos
891 2600 1042 2627 omnes
1065 2586 1198 2627 libros
1222 2588 1335 2627 idem
1359 2587 1517 2626 idioma
1541 2588 1826 2638 praeferentes
1849 2588 2029 2626 examini

259 2647 484 2696 subjecerit
517 2651 640 2696 atque
675 2647 984 2697 adprobaverit.
1832 2690 1849 2703 1,

400 2706 456 2744 Ex
478 2707 593 2745 hisce
620 2707 819 2745 omnibus
843 2718 1027 2756 pronum
1052 2707 1126 2745 erit
1149 2706 1439 2745 Dominationi
1462 2706 1635 2745 Vestrae
1659 2706 1824 2753 inferre,
1849 2717 2029 2744 conces-

259 2765 390 2803 sionis
439 2765 803 2804 confirmationem
849 2765 1169 2804 Archidioecesi
1219 2764 1485 2804 Antibarensi
1535 2768 1746 2815 peractam
1788 2762 2028 2804 nullatenus

259 2823 411 2862 adduci
446 2836 575 2873 posse
610 2825 649 2862 in
682 2824 867 2863 favorem
908 2823 1142 2872 Slavorum,
1183 2825 1254 2874 qui
1294 2824 1451 2863 Montis
1490 2824 1610 2873 Nigri
1644 2824 1895 2874 Principatui
1940 2835 2026 2862 non

259 2882 436 2932 subjecti
470 2886 575 2921 sunt.
617 2883 781 2922 Desunt
814 2884 924 2922 enim
958 2884 1026 2922 hic
1072 2884 1296 2933 specificae
1346 2895 1518 2931 causae,
1566 2895 1674 2932 quae
1715 2883 1754 2921 in
1790 2883 2026 2932 Principatu

259 2942 414 2980 Montis
436 2942 555 2991 Nigri
580 2942 763 2989 aderant,
799 2943 895 2991 quia
919 2942 1093 2981 adversa
1118 2943 1294 2981 omnino
1319 2943 1526 2980 rationum
1552 2945 1765 2981 momenta
1786 2942 1855 2981 hic
1879 2953 2029 2980 occur-

259 3004 363 3039 runt.
413 3000 556 3040 Quare
602 3001 913 3040 Dominationis
952 3002 1125 3041 Vestrae
1169 3002 1243 3040 erit
1283 3001 1459 3040 omnino
1504 3001 1748 3051 prohibere,
1797 3001 2029 3050 quominus

260 3059 337 3097 hac
362 3059 413 3098 de
438 3072 480 3098 re
505 3072 526 3098 a
551 3058 681 3099 Slavis
699 3060 871 3099 Vestrae
894 3060 1173 3110 jurisdictioni
1197 3060 1398 3110 subjectis
1421 3058 1728 3109 postulationes
1741 3059 1794 3098 ad
1818 3058 2026 3099 S.Sedem

260 3118 479 3167 mittantur,
514 3131 622 3168 quae
656 3119 893 3158 necessaria
927 3117 1121 3168 analogia
1156 3119 1377 3158 deficiente
1412 3119 1516 3157 inter
1558 3119 1848 3158 conditIOnem
1881 3117 2029 3157 Archi-

261 3176 514 3216 dioeceseos
547 3177 834 3217 Antibarensis
868 3181 906 3216 et
945 3178 1217 3217 Monarchiae
1250 3177 1708 3227 Austro-Hungaricae
1754 3177 2029 3228 petitionibus

260 3232 338 3273 illis
372 3236 573 3285 sufragari
613 3235 848 3275 nullatenus
893 3240 1084 3285 possunt.
1130 3236 1378 3275 Prudentiae
1414 3237 1534 3275 etIam
1569 3237 1741 3276 Vestrae
1775 3237 1861 3285 erit,
1898 3247 2026 3286 quae-
