2191 3434
0 3208 2 3291 l

552 318 1090 368 Glagolito-Romanae
1138 319 1294 356 XVII.
1343 332 1379 356 s.
1773 324 1817 359 37

62 465 268 507 tholicam
302 464 448 511 fidem.
494 463 779 515 divinumque
825 462 989 504 cultum
1030 462 1307 515 pertinentia,
1355 462 1435 504 rite
1468 465 1674 517 recteque
1707 465 1750 507 in
1782 467 1862 508 Ec-

66 523 206 566 clesiis
237 522 473 576 praedictis
504 525 797 574 peragantur;
832 523 873 562 et
903 520 1160 574 praesertim
1185 524 1232 561 ut
1253 534 1404 562 sacrae
1438 521 1691 574 Scripturae
1724 525 1857 566 etalii

63 581 265 629 Codices,
311 579 384 633 qui
431 579 534 620 fidei
582 580 811 631 cultusque
856 578 1110 633 hujusmodi
1158 578 1457 627 fundamenta,
1505 592 1652 621 sacras
1694 595 1860 634 preceS,

61 639 266 681 laudibus
301 637 538 690 gratiisque
570 638 661 678 Deo
694 636 1008 690 persolvendis,
1053 636 1293 686 continent,
1335 650 1616 690 quocumque
1650 641 1861 692 ternpore,

61 698 128 740 vel
162 697 387 745 idiomate,
429 698 505 736 aut
547 695 799 736 charactere
842 694 1075 747 conscripti
1118 694 1215 743 sint,
1259 695 1429 735 mendis
1471 697 1603 749 atque
1647 699 1867 739 erroribus

61 755 191 809 plane
223 757 412 801 careant,
445 753 615 805 illisque
649 753 828 793 omnino
862 755 1061 805 expertes
1094 753 1148 793 ab
1183 753 1388 793 omnibus
1420 753 1679 795 habeantur.
1716 755 1862 805 Quum

63 813 196 865 igitur
225 811 492 866 Illyricarum
527 811 735 863 gentium,
783 823 896 864 quae
939 810 1067 862 longe
1100 810 1273 863 lateque
1316 824 1395 863 per
1426 811 1650 864 Europam
1683 813 1866 856 diffusae

63 874 178 920 sunt,
204 873 336 923 atque
368 870 422 910 ab
442 869 546 922 ipsis
570 868 768 921 gloriosis
799 869 1116 921 Apostolorum
1138 868 1362 921 principus
1396 867 1523 910 Petro
1548 873 1589 910 et
1612 870 1750 912 Paulo
1783 885 1864 925 po-

61 929 277 970 tissimum
311 927 470 968 Christi
513 927 641 967 tidem
684 926 866 967 edoctae
908 927 1096 975 fuerunt,
1139 927 1273 967 libros
1320 939 1468 968 sacros
1494 927 1585 981 jain
1621 928 1721 969 inde
1753 943 1779 972 a
1811 929 1862 970 D.

65 986 320 1040 Hieronymi
351 985 640 1038 temporibus,
673 988 719 1024 ut
750 987 1002 1037 pervetusta
1034 985 1089 1026 ad
1121 997 1202 1025 nos
1240 984 1394 1025 detulit
1426 985 1617 1036 traditio,
1650 988 1716 1028 vel
1749 992 1865 1029 certe

66 1058 92 1086 a
122 1043 380 1098 pontificatu
413 1043 480 1083 fel.
514 1056 595 1083 rec.
629 1042 809 1083 Joannis
842 1042 988 1095 Papae
1022 1043 1125 1083 VIII.
1158 1043 1510 1095 praedecessoris
1542 1045 1693 1095 nostri,
1727 1046 1788 1087 uti
1813 1059 1865 1087 ex

63 1103 256 1157 ejusdem
290 1102 393 1142 data
426 1114 559 1153 super
589 1114 640 1141 ea
672 1113 717 1140 re
762 1100 945 1153 epistola
979 1103 1164 1150 constat,
1208 1101 1293 1142 ritu
1327 1101 1505 1154 quidem
1537 1101 1756 1152 Romano,
1789 1105 1866 1145 sed

63 1161 272 1204 idiomate
305 1159 552 1208 Slavonico,
587 1161 628 1198 et
660 1159 910 1199 charactere
943 1158 985 1199 S.
1016 1158 1269 1211 Hieronymi
1308 1159 1437 1211 vulgo
1469 1164 1726 1213 nuncupato
1760 1175 1866 1203 coii-

64 1218 263 1272 scriptos,
289 1220 540 1270 opportuna
563 1216 862 1268 racognitione
885 1216 1080 1269 indigere
1103 1219 1378 1269 compertum
1402 1218 1477 1258 sit:
1511 1231 1592 1259 nos
1625 1232 1709 1260 rec.
1733 1233 1862 1261 mem.

62 1276 227 1318 Urbani
260 1276 407 1328 Papae
440 1273 548 1315 VIII.
583 1275 714 1315 etiam
758 1274 1112 1315 praedecessoris
1155 1275 1307 1322 nostri,
1340 1275 1414 1328 qui
1447 1275 1621 1317 Missale
1652 1277 1865 1332 illyricum

64 1334 346 1376 emendatum
373 1333 499 1387 juxta
530 1332 804 1384 nuperrimas
836 1332 949 1372 illius
992 1332 1325 1374 reformationes
1366 1333 1618 1375 charactere
1650 1335 1866 1390 Hierony-

66 1393 227 1441 miano,
260 1404 310 1433 ac
339 1391 487 1442 lingua
519 1389 751 1431 Slavonica
773 1390 885 1443 typis
907 1390 1073 1442 vulgari
1097 1390 1336 1436 mandavit,
1358 1391 1550 1444 vestigiis
1583 1392 1863 1435 inhaerentes

64 1451 119 1492 de
150 1448 461 1491 venerabilium
496 1448 696 1488 Fratrum
728 1452 980 1488 nostrorum
1005 1448 1048 1489 S.
1073 1448 1124 1488 R.
1147 1448 1192 1489 E.
1229 1448 1541 1500 Cardinalium,
1564 1451 1741 1503 negotio
1764 1465 1868 1505 pro-

66 1508 313 1561 pagationis
344 1506 446 1547 fidei
478 1519 557 1559 per
587 1506 837 1546 universum
872 1505 1083 1547 Mundum
1116 1506 1470 1559 praepositorum
1504 1509 1700 1554 consilio.
1733 1523 1865 1551 vene-

77 1566 200 1608 rabili
234 1565 352 1606 sratri
394 1564 607 1616 Raphaeli
649 1563 995 1616 Archiepiscopo
1038 1564 1258 1605 Achridae
1291 1577 1368 1605 seu
1411 1565 1556 1606 Prima
1587 1566 1870 1617 Justinianae,

62 1624 383 1670 mandavimus,
415 1625 461 1663 ut
493 1622 745 1663 Breviarum
789 1620 1018 1674 Illyricum,
1063 1626 1163 1663 ante
1209 1635 1349 1663 annos
1383 1626 1560 1665 centum
1594 1625 1868 1678 impressum,

63 1682 408 1734 recognosceret,
442 1683 483 1720 et
511 1680 566 1720 ad
599 1680 784 1720 formam
809 1680 1015 1720 Breviarii
1039 1680 1228 1721 Romani
1251 1680 1391 1721 Latini
1415 1694 1556 1734 nuper
1583 1696 1609 1723 a
1640 1684 1867 1736 praedicto

64 1740 244 1781 Urbano
286 1738 631 1780 Praedecessore
678 1738 899 1779 reformati
944 1738 983 1778 in
1032 1738 1301 1791 praedictam
1350 1739 1542 1791 linguam
1588 1741 1868 1783 Slavonicam

66 1798 294 1850 redigeret.
327 1796 455 1849 Quod
485 1809 620 1849 quum
663 1795 779 1836 idem
823 1796 1021 1848 Raphael
1063 1796 1434 1849 Archiepiscopus
1479 1798 1709 1850 diligenter
1739 1813 1867 1854 prae-

67 1856 234 1905 stiterit,
282 1855 536 1908 dictumque
577 1867 739 1894 novum
783 1853 1051 1894 Breviarium
1097 1853 1315 1908 Illyricum
1359 1868 1384 1896 a
1430 1856 1581 1908 peritis
1614 1858 1869 1910 praedictae

67 1913 254 1967 linguae,
288 1916 330 1954 et
372 1912 416 1953 in
455 1912 587 1953 sacris
628 1911 780 1953 litteris
829 1911 994 1953 edoctis
1036 1912 1136 1953 viris
1180 1913 1516 1965 comprobatum
1548 1914 1700 1957 fuerit:
1734 1916 1871 1958 idciro

67 1985 147 2013 nos
179 1974 301 2012 motu
334 1971 529 2023 proprio,
562 1982 612 2011 ac
646 1982 698 2010 ex
730 1972 846 2010 certa
868 1970 1052 2012 scientia
1074 1974 1115 2011 et
1147 1973 1318 2012 matura
1341 1971 1658 2014 deliberatione
1691 1975 1867 2024 nostris,

69 2029 212 2084 deque
244 2029 526 2082 Apostolicae
558 2028 788 2080 potestatis
830 2027 1115 2080 plenitudine,
1161 2029 1216 2069 de
1248 2029 1375 2069 simili
1407 2030 1734 2082 praedictorum
1766 2033 1871 2074 Fra-

67 2090 182 2129 trum
210 2091 461 2129 nostrorum
505 2085 704 2134 consilio,
746 2086 1016 2127 Breviarium
1059 2086 1334 2139 praedictum
1376 2090 1528 2129 tenore
1569 2091 1868 2141 praesentium

11 2196 13 2198 q
69 2145 379 2187 confirmamus
412 2147 454 2186 et
485 2143 798 2197 approbamus,
832 2144 1033 2197 typisque
1067 2145 1267 2186 mandari
1294 2145 1513 2199 jubemus.

205 2234 448 2270 Breviarium
465 2234 684 2269 Romanum
703 2234 907 2269 Slavonico
925 2234 1109 2270 idiomate
1131 2235 1247 2281 jussu
1273 2236 1336 2270 SS.
1359 2236 1402 2271 D.
1430 2237 1473 2271 N.
1502 2238 1632 2284 Papae
1658 2238 1875 2274 Innocentii

68 2281 106 2315 X
130 2281 286 2326 editum,
312 2281 417 2327 typis
454 2280 489 2315 S.
531 2280 856 2327 Congregationis
895 2281 1177 2328 Propagandae
1208 2282 1315 2317 Fidei
1349 2283 1516 2329 Romae3
1554 2283 1631 2319 Cfr.
1657 2286 1875 2328 Assemani,

74 2327 160 2362 Kal.
188 2327 288 2362 Eccl.
315 2328 388 2362 Un.
415 2327 445 2370 I,
469 2326 617 2362 Romae
637 2327 736 2370 1755,
764 2327 839 2361 118.

738 2440 831 2496 131.ι
875 2457 1005 2507 1648,
1034 2455 1204 2498 Romae.

208 2549 341 2603 Typis
375 2549 414 2591 S.
451 2549 817 2603 Congregationis
863 2550 1182 2603 propagandae
1216 2551 1338 2592 Fidei
1371 2553 1566 2594 secunda
1600 2553 1733 2594 editio
1767 2554 1868 2595 Mis-

73 2618 173 2660 salis
206 2619 653 2672 Glagolito-Romani,
686 2619 769 2661 iam
804 2633 841 2661 a.
879 2620 982 2661 1631
1020 2620 1125 2661 editi
1158 2619 1266 2675 [Cfr.
1301 2621 1350 2662 N.
1384 2621 1474 2676 87].

209 2711 353 2758 Ljubic,
380 2711 567 2758 Ogledalo
593 2711 799 2758 knjiievne
824 2712 994 2759 povjesti
1015 2713 1333 2759 jugoslavenske‚
1361 2713 1484 2748 Rieka
1502 2714 1602 2752 1864.
1629 2714 1657 2748 Ι.
1684 2714 1737 2748 42.

711 2854 809 2894 132.
843 2855 974 2902 1648,
1010 2853 1239 2906 Tyrnavae.

213 2945 457 2988 Concilium
488 2947 786 2999 Hungaricum
831 2947 1101 2989 provinciale
1150 2948 1307 2989 iterum
1349 2947 1576 2999 Tyrnavae
1624 2946 1729 2987 161ss
1764 2947 1873 2986 cele-

74 3013 261 3063 bratum,
294 3018 447 3057 contra
479 3016 701 3057 decretum
749 3016 916 3069 Synodi
967 3017 1269 3068 Zagrabiensis
1315 3017 1577 3057 diocesanae
1616 3028 1731 3056 anno
1770 3015 1874 3055 1640}

78 3083 320 3126 celebratae
353 3085 407 3126 de
439 3086 742 3127 conservando
785 3086 1090 3138 antiquissimo
1139 3087 1223 3126 ritu
1268 3085 1560 3137 Zagrabiensi,
1594 3086 1871 3136 protestatur.

213 3175 378 3219 Tkaloic,
406 3176 506 3210 Stari
531 3176 759 3222 bogosluffini
779 3176 897 3211 obred
923 3189 946 3210 u
966 3176 1107 3221 stolnoj
1136 3177 1241 3211 crkvi
1268 3175 1542 3221 Zagrobackoj.
1570 3174 1605 3207 iii
1633 3173 1878 3220 ephemeride

78 3219 276 3256 Katolieki
300 3222 386 3257 List
412 3223 511 3266 1895,
537 3222 579 3257 N.
606 3223 752 3257 23—27.
