2191 3434
631 169 1116 216 Glagolito-Romanae
1142 166 1233 200 XIV
1260 177 1287 199 s.
1839 166 1880 196 17

41 319 197 366 nentia,
241 316 458 369 parochus
490 316 748 356 Laurentius
781 315 922 354 Pintar
955 312 996 367 ᾖ·
1033 314 1162 365 1874)
1196 314 1235 352 in
1269 312 1444 352 archivo
1479 310 1714 364 parochiali
1751 309 1881 349 Pred-

40 388 150 430 dvor
179 388 446 428 Labacensis
480 387 740 427 dioeceseos
773 386 1008 431 adinvenit,
1043 385 1343 424 conscribitur.

167 468 414 515 'Bibliotheca
441 479 612 525 Lycealis
639 479 868 514 Labaccnsis
898 478 939 512 N.
967 481 997 512 1.

579 648 648 689 51.
684 635 805 677 XIV
828 650 860 676 s.
895 633 1058 689 (Selca)
1092 633 1327 687 Aquilejen.

182 732 351 773 Rituale
404 732 730 786 Glagoliticum‚
783 733 905 771 cuius
958 732 1199 784 fragmenta
1249 744 1305 770 ex
1363 729 1523 769 »Libro
1578 728 1881 768 Mortuerum«

43 803 333 845 1669—1715
366 804 597 857 parochiae
631 803 759 845 Selca
792 804 832 842 in
867 803 1061 843 dioecesi
1099 802 1338 841 Labacensi
1372 807 1566 840 extracta
1611 807 1722 848 sunt,
1755 800 1886 839 bene-

41 875 258 915 dictiones
291 877 455 924 vitium,
508 876 591 914 vini
648 877 689 914 in
725 875 837 915 festo
891 873 932 915 S.
966 874 1092 914 Blasii
1147 880 1189 913 et
1233 873 1314 913 alia
1367 873 1646 918 continentia,
1698 871 1888 910 conscri—

39 947 166 988 bitur.

184 1039 225 1074 In
252 1039 418 1075 Archivo
445 1040 648 1084 parochiali
675 1040 785 1074 Solea
812 1039 1041 1074 Labacensis
1069 1039 1293 1073 dioeceseos
1319 1038 1389 1072 sub
1418 1038 1458 1072 N.
1488 1038 1546 1072 Ill.

684 1208 756 1250 52.
790 1196 861 1237 X]
874 1195 911 1237 V
936 1210 967 1237 s.
1002 1195 1237 1250 Aquilaejen.

182 1293 355 1333 Missale
390 1293 703 1346 Glagoliticum
739 1295 779 1332 in
816 1293 919 1333 folio
973 1294 1184 1341 maximo,
1235 1293 1358 1331 cuius
1393 1292 1684 1344 fragmentum
1719 1297 1886 1343 partem

0 1358 1 1397 Ῑ
44 1363 306 1406 Communis
340 1363 432 1412 SS.,
466 1365 508 1404 id
543 1372 607 1406 est
640 1365 817 1405 Missam
853 1365 908 1405 de
954 1364 1036 1405 SS.
1072 1363 1300 1415 Apostolis
1333 1370 1376 1403 et
1408 1363 1584 1403 Missam
1620 1363 1822 1403 Votivam
1846 1363 1889 1402 B.

0 1469 1 1473 ,
42 1435 93 1475 V.
126 1435 287 1476 Mariae
321 1438 565 1486 continens,
600 1438 638 1476 in
674 1437 855 1477 Musaeo
880 1436 1163 1488 Rudolphino
1200 1435 1439 1475 Labaeensi
1473 1441 1752 1483 asservatum,
1786 1447 1889 1473 con·

41 1509 252 1548 scribitur.

183 1601 378 1636 Musaeum
419 1601 704 1645 Rudolphinum
751 1602 900 1642 Labaci,
944 1601 1015 1635 sub
1055 1600 1166 1634 titulo
1193 1601 1366 1644 antiquo:
1413 1600 1651 1634 Steuerbuch
1694 1602 1793 1633 1678.
1833 1599 1889 1633 Ex

40 1652 251 1731 23&quss
279 1649 530 1731 {Laggefitum
559 1650 647 1683 illud
680 1661 700 1684 a
730 1651 830 1683 1670.
867 1660 935 1693 pro
962 1648 1073 1683 theca
1108 1648 1210 1683 Libri
1239 1648 1408 1682 Rationis
1438 1647 1667 1681 Labaccnsis
1696 1647 1886 1690 municipii

551 1842 621 1883 53.
655 1830 773 1871 XIV
801 1844 832 1870 s.
866 1835 1056 1876 exeunte,
1091 1830 1177 1869 loco
1210 1828 1380 1869 incerto.

187 1926 449 1966 Breviarium
484 1927 810 1980 Glagoliticum,
862 1927 985 1966 cuius
1036 1939 1134 1977 pars
1188 1927 1296 1965 inter
1335 1925 1415 1964 alia
1467 1926 1574 1964 vitas
1626 1925 1887 1965 Sanctorum

42 1997 297 2050 Legendam
331 1998 408 2039 SS.
443 1997 589 2050 Cyrilli
624 2005 664 2038 et
698 1998 911 2038 Methodii
963 1998 1204 2046 continens,
1238 1998 1278 2036 in
1331 1995 1377 2037 C.
1412 1996 1683 2036 Bibliotheca
1736 1996 1890 2036 Aulica

43 2067 380 2110 Vindobonensi
414 2076 668 2119 asservatur,
701 2071 1000 2109 conscribitur.

183 2161 315 2207 Einige
341 2162 577 2197 altslavische
607 2161 875 2196 Handscriften
902 2163 938 2196 in
964 2162 1032 2195 der
1069 2163 1167 2196 Kais.
1199 2161 1487 2195 Hofbibliotlick
1516 2171 1559 2194 zu
1588 2161 1709 2195 Wien.
1738 2161 1889 2201 lalirbu—

41 2209 418 2302 fgserfffihglggscfih?
444 2211 644 2279 'Isitcratun
671 2211 795 2244 Kunst
824 2210 899 2243 und
921 2209 1208 2250 wissenschaft,
1230 2209 1541 2253 hcrausgegeben
1563 2220 1635 2243 von
1666 2210 1689 2243 I.
1713 2209 1754 2242 Ε,
1776 2208 1888 2243 Scha-

293 2409 368 2456 54.
402 2402 473 2443 A]
485 2403 523 2443 V
548 2417 580 2443 s.
615 2402 659 2442 in
692 2402 836 2449 Istria,
875 2401 1057 2448 Croatia,
1090 2401 1316 2442 Dalmatia
1348 2407 1388 2441 el
1419 2401 1635 2441 Bolzcmia.

184 2497 362 2538 Festum
397 2497 475 2539 SS.
509 2498 655 2550 Cyrilli
692 2507 733 2538 et
761 2498 972 2538 Methodii
1009 2500 1048 2537 in
1083 2497 1354 2539 Calendariis
1387 2497 1626 2537 Missalium
1664 2497 1889 2550 magonti-

44 2581 209 2618 ocrum,
240 2583 291 2609 ac
325 2571 365 2609 in
399 2570 621 2610 Breviariis
674 2570 947 2623 Glagoliticis
1002 2571 1084 2609 sub
1118 2569 1188 2608 die
1227 2570 1288 2608 14.
1327 2569 1568 2618 Februarii,
1603 2569 1642 2607 in
1679 2567 1890 2609 Calenda-

45 2639 107 2678 rio
139 2638 336 2680 Breviarii
390 2640 639 2695 Glagolitici
674 2641 936 2690 parisiensis,
970 2642 1051 2680 sub
1085 2640 1156 2679 die
1207 2640 1245 2680 6.
1280 2639 1441 2692 Aprilis
1494 2640 1736 2679 celebratur
1787 2638 1889 2689 (Cir,

46 2708 95 2749 N.
128 2708 213 2762 34).

187 2782 394 2824 Officium
449 2785 672 2836 Proprium
729 2783 805 2824 SS.
841 2782 999 2834 Cyrilli,
1051 2782 1262 2822 Methodii
1298 2780 1358 2836 (et
1411 2780 1646 2834 Valentini)
1701 2783 1782 2821 sub
1817 2782 1887 2820 die

47 2855 148 2896 XIV
181 2856 412 2904 Februarii,
446 2856 567 2908 quod
600 2857 655 2895 ab
691 2856 761 2894 illo
797 2855 945 2895 officio
981 2857 1063 2894 iam
1098 2868 1121 2893 a
1163 2854 1389 2905 discipulis
1425 2852 1501 2893 SS.
1536 2852 1681 2903 Cyrilli
1718 2859 1759 2891 et
1783 2852 1889 2891 Met-

46 2926 180 2976 hodii,
229 2934 419 2966 exeunte
473 2926 528 2966 lX
580 2940 610 2966 s.
665 2926 883 2973 confecto,
935 2925 1172 2977 dependet,
1225 2927 1264 2963 in
1318 2925 1557 2963 breviariis:
1621 2924 1885 2975 Zaglaviensi

45 2995 146 3050 (Csr.
179 2997 341 3038 Fontes
374 2998 474 3038 XIV
510 3011 540 3037 s.
574 2997 623 3038 N.
657 2997 743 3050 44),
776 2996 1122 3038 Tribikovic'cnsi
1141 2994 1207 3049 (N.
1242 2993 1328 3047 21),
1362 3002 1402 3034 et
1425 2994 1591 3036 Salensi
1615 2994 1680 3042 (N.
1704 2996 1776 3042 43)
1811 3007 1884 3033 oc-

48 3069 187 3110 currit,
