2191 3434
699 231 901 278 Liturgiae
928 232 1123 279 Glagolito
1128 234 1357 269 -Romanae.
1781 238 1879 273 XIX

204 369 251 414 5.
280 369 544 415 Dioecesis
577 371 1339 429 Tergestino-Justinopolitana
1372 374 1502 429 (cum
1536 378 1829 432 aggregatis

249 439 589 494 Aemoniensi‚
624 440 894 485 Petenensi
928 443 978 485 et
1009 443 1156 497 parte
1189 441 1419 487 Polensis
1453 443 1788 501 dioeceseos).

727 535 950 577 Dioecesis
991 535 1316 577 Aemoniensis.

249 616 363 658 Usus
394 617 571 668 linguae
603 617 791 659 slavicae
823 617 867 658 in
914 617 1088 670 liturgia
1136 617 1180 658 in
1222 617 1427 659 universa
1460 618 1651 660 dioecesi
1684 633 1709 662 a
1742 619 1921 675 Synodo

111 676 411 726 confirmatur,
457 675 607 726 XVIII,
664 676 758 718 107.
812 675 1098 728 PriVilegium
1144 675 1336 718 nationis
1384 675 1568 729 Lgr.nae
1615 677 1669 718 ab
1719 679 1926 732 episcopo

112 734 302 777 Stratico
337 733 596 783 celebratur,
631 734 688 775 ib.
727 733 821 775 115.
854 733 969 775 Usus
1017 733 1201 786 Lgr.nae
1234 733 1278 775 in
1310 734 1514 777 universa
1546 735 1737 777 dioecesi
1785 739 1827 777 et
1859 750 1929 779 ca-

110 792 298 835 thedrali
329 792 440 842 XIX,
473 791 558 834 433
592 792 651 847 (p.
685 791 797 847 145).

754 918 979 961 Dioecesis
1010 919 1282 960 Petenensis.

109 1001 162 1044 In
192 1001 397 1044 universa
429 1001 621 1044 dioecesi
658 1003 704 1043 ut
734 1001 975 1054 plurimum
1021 1003 1123 1042 sunt
1170 1001 1423 1042 sacerdotes
1477 1001 1729 1054 Glagolitae,
1767 1002 1929 1044 latinae

31 1096 33 1098 ,
110 1061 286 1114 linguae
307 1073 489 1114 psorsus
507 1060 660 1112 ignari,
683 1059 843 1111 Lgr.na
861 1072 985 1101 sacra
1004 1059 1288 1108 celebrantes,
1313 1060 1433 1101 iuxta
1456 1059 1712 1101 relationem
1735 1061 1929 1114 episcopi

112 1119 170 1161 ad
203 1118 248 1160 S.
281 1118 457 1168 Sedem,
505 1116 616 1168 XVI,
654 1118 757 1167 16:23
805 1118 925 1158 idem
957 1118 999 1159 in
1033 1117 1239 1159 omnibus
1271 1117 1491 1171 parochiis
1523 1118 1715 1171 exceptis
1757 1119 1929 1160 duabus

112 1179 298 1227 tantum,
331 1177 388 1218 ib.
425 1176 526 1225 1843
566 1176 681 1218 idem
715 1178 899 1229 excepta
931 1178 1101 1217 tantum
1133 1175 1337 1224 pedena:
1372 1176 1448 1216 sed
1480 1175 1779 1217 latinizatione
1826 1189 1928 1218 coa-

111 1235 226 1278 ctiva
258 1235 456 1289 episcopi
502 1234 687 1276 Antonii
720 1234 845 1283 Zaro,
878 1236 1153 1287 prosequuta
1195 1234 1249 1275 ab
1284 1235 1492 1286 episcopo
1526 1233 1721 1275 Antonio
1755 1234 1928 1276 Maren—

111 1293 204 1335 tino
236 1294 373 1335 latina
404 1293 553 1345 lingua
575 1292 619 1333 in
651 1292 827 1345 liturgia
850 1292 1070 1334 introduci
1093 1292 1258 1345 incipit,
1292 1292 1423 1339 XVII,
1450 1292 1514 1340 12,
1539 1292 1606 1340 68,
1643 1292 1746 1340 123;
1779 1294 1927 1333 tamen

111 1351 156 1393 in
188 1352 395 1394 omnibus
428 1351 664 1392 duodecim
710 1350 932 1404 parochiis
966 1350 1155 1392 foraneis
1189 1353 1229 1391 et
1262 1364 1337 1391 sex
1385 1349 1561 1391 curatiis
1593 1358 1641 1390 ut
1686 1350 1924 1403 plurimum

110 1410 269 1463 Lgr.na
303 1410 573 1451 celebratum
606 1411 682 1458 est,
731 1407 882 1458 XVIII,
933 1409 1043 1451 1253
1090 1408 1148 1463 (p.
1191 1409 1278 1463 93).
1313 1408 1517 1463 Synodus
1564 1407 1826 1450 dioecesana
1872 1409 1927 1450 de

111 1468 237 1511 Clero
271 1468 543 1521 Glagolitico,
575 1467 683 1517 XVI,
728 1467 822 1510 169.

699 1594 924 1636 Dioecesis
958 1593 1342 1648 Justinopolitana.
1419 1638 1428 1653 ι

248 1676 298 1717 In
329 1676 534 1719 universa
566 1676 771 1725 dioecesi,
806 1676 927 1718 iuxta
958 1676 1194 1717 relationes
1229 1675 1553 1729 episcoporum,
1589 1673 1746 1728 Lgr.na
1778 1674 1821 1716 in
1843 1687 1924 1716 usu

111 1737 189 1785 est,
221 1734 350 1784 XVII,
383 1735 451 1785 42,
485 1735 911 1785 90,103,142,162;
958 1733 1109 1783 XVIII,
1142 1734 1182 1783 4,
1216 1735 1254 1784 7,
1291 1735 1354 1783 19,
1389 1735 1456 1775 88.
1490 1733 1698 1786 Episcopi
1732 1732 1922 1774 Camutii

109 1793 488 1846 de·Evangeliarii
537 1792 727 1835 Croatici
773 1793 963 1835 liceitate
1011 1792 1306 1846 interpellatio
1339 1792 1395 1833 ad
1444 1791 1487 1833 S.
1523 1791 1920 1844 Congregationem

111 1851 311 1902 Concilii,
343 1850 490 1900 XVIII,
524 1851 592 1900 88,
626 1852 703 1901 89;
739 1853 781 1892 et
804 1852 859 1893 de
887 1851 1081 1892 editione
1113 1851 1296 1892 Missalis
1329 1850 1574 1902 Glagolitici
1609 1862 1724 1893 cura,
1758 1849 1816 1890 ib.
1849 1850 1918 1890 97.

248 1909 542 1951 Seminarium
593 1910 907 1951 dioecesanum
954 1909 1269 1951 Naldinianum
1315 1921 1395 1962 pro
1446 1908 1598 1958 Slavis,
1652 1905 1777 1956 XVII,
1826 1907 1922 1956 228,

109 1968 351 2018 230-233,
394 1969 501 2016 235;
548 1966 697 2016 XVIII,
742 1968 805 2017 15,
854 1968 917 2017 16,
966 1968 1034 2009 82.
1069 1968 1237 2021 Synodi
1285 1967 1573 2008 dioecesanae
1616 1966 1670 2006 de
1714 1965 1838 2006 Clero
1883 1967 1924 2006 et

114 2026 360 2069 SemInario
394 2025 575 2079 Illyrico,
608 2025 714 2075 XVI,
751 2027 854 2075 173;
887 2025 1036 2077 XVIII,
1068 2024 1137 2077 48,
1170 2026 1239 2077 50,
1274 2025 1369 2066 105.

752 2153 976 2195 Dioecesis
1008 2152 1278 2206 Tergestina.

246 2236 359 2277 Usus
387 2235 577 2288 Lginnae
610 2236 654 2276 in
687 2235 880 2277 dioecesi
912 2236 1034 2277 iuxta
1066 2235 1302 2276 relationes
1351 2233 1546 2287 episcopi
1579 2233 1634 2274 ad
1668 2232 1712 2275 S.
1746 2231 1920 2281 Sedem,

108 2292 237 2343 XVII,
272 2295 311 2343 7,
347 2294 450 2342 1413
484 2294 760 2336 excolescere
791 2294 942 2347 incipit
965 2295 1021 2335 ab
1041 2307 1157 2335 anno
1194 2293 1316 2341 1627,
1352 2291 1531 2345 quando
1567 2290 1764 2333 Societas
1798 2291 1920 2332 ‚Iesus

113 2352 357 2405 Collegium
388 2352 588 2393 Flumine
620 2352 805 2406 aperuit,
838 2351 948 2404 XIX,
981 2352 1049 2394 58.

546 2478 770 2521 Dioecesis
815 2477 1488 2533 Tergestino-Justinopolitana.

244 2560 359 2602 Usus
390 2560 574 2613 Lgr-nae
606 2560 650 2601 in
694 2561 848 2603 eadem
881 2560 1088 2608 dioecesi,
1141 2558 1251 2608 XIX,
1299 2560 1366 2600 58.
1413 2558 1589 2599 Rituale
1637 2556 1917 2598 Slovenicum

109 2618 436 2669 dioecesanum,
470 2619 527 2660 ib.·
570 2619 680 2660 1063
709 2618 767 2673 (p.
819 2618 932 2672 174).
964 2617 1015 2659 In
1063 2618 1270 2659 omnibus
1303 2616 1496 2658 ecclesiis
1528 2615 1697 2656 slavicis
1744 2614 1918 2655 dioece-

107 2689 215 2718 seon
262 2676 616 2729 Evangeliarium
647 2679 688 2717 et
730 2676 905 2718 Rituale
954 2676 1156 2718 Croatica
1203 2678 1243 2716 et
1291 2674 1522 2716 Slovenica
1568 2673 1717 2726 lingua
1748 2671 1843 2712 XIX
1881 2685 1913 2712 s.

107 2735 293 2776 durante
325 2735 369 2776 in
404 2748 487 2776 usu
519 2737 633 2784 sunt,
665 2733 776 2785 XIX,
823 2736 919 2776 313.

275 2860 485 2916 Synopsis
517 2861 799 2903 ecclesiarum
831 2861 1146 2903 hodiernarum
1182 2859 1445 2901 dioeceseon
1478 2856 1757 2909 Tergestino-

224 2931 622 2985 ‹Iustinopolitanae
653 2931 801 2984 lingua
839 2931 1001 2973 slavica
1034 2931 1077 2970 in
1109 2929 1304 2981 Liturgia
1335 2929 1537 2968 Romana
1571 2926 1799 2966 utentium.

245 3025 440 3067 Abbatia
470 3024 622 3066 Polen.
655 3023 764 3074 XIX,
812 3025 909 3066 257.
956 3022 1185 3069 Acmonia,
1222 3022 1475 3063 Cittanova:
1519 3019 1619 3060 cccl.
1655 3017 1914 3059 cathedralis

105 3081 215 3131 XIX,
243 3083 327 3124 43a
358 3082 417 3138 (p.
454 3082 576 3136 145);
610 3095 733 3124 conv.
768 3083 816 3124 B.
850 3083 897 3123 V.
931 3083 985 3123 de
1018 3080 1218 3122 Mercede
1258 3077 1404 3126 XVIII,
1442 3078 1502 3118 39.
1538 3077 1705 3117 Beram.
1741 3074 1912 3121 Vermo,

105 3139 214 3190 XIV,
265 3140 344 3190 403
391 3139 479 3192 XV,
536 3141 600 3190 12,
655 3140 723 3189 26,
778 3139 882 3189 15Ο;
935 3138 1187 3193 111Χρ964.
1242 3137 1399 3177 Bersec
1454 3134 1602 3176 Polen.
1656 3131 1764 3183 XIX,
1817 3132 1912 3172 257.
