2191 3434
542 327 1082 376 Glagolito—Romanae
1131 326 1287 363 XVII.
1337 340 1373 364 s.
1766 328 1811 364 '23

192 469 404 504 Archivum
432 469 465 504 S.
494 469 630 515 Congr.
657 469 769 515 Prop.
796 469 916 511 Fidei,
942 468 1013 503 Ms.
1040 468 1114 503 vol.
1140 468 1209 502 390
1246 467 1269 501 f.
1297 468 1372 512 156,
1398 468 1482 511 22&
1509 468 1748 512 Fermediin,
1775 471 1858 505 Sta-

54 516 136 551 rine
162 516 305 558 XXIV,
330 517 372 550 21
401 527 429 550 s.

748 633 815 672 73.
842 633 972 680 1630,
994 631 1162 673 Romae.

193 726 238 767 P.
274 724 468 778 Raphael
500 724 743 766 Levakovic'
776 724 818 766 S.
854 724 1193 777 Congregationi
1226 725 1382 766 suadet
1413 724 1596 766 modum

197 807 319 858 „acio
350 819 440 847 non
472 806 507 846 si
548 806 686 859 perda
728 806 755 847 il
797 808 947 859 tempo
985 806 1100 847 nello
1145 806 1373 859 spacciarli
1406 806 1452 861 (il
1484 805 1667 847 Messale
1699 806 1855 848 Illirico

57 866 136 908 che
176 866 243 912 fra
288 867 398 906 sette
440 865 546 905 mesi
581 866 679 905 sara
720 864 946 917 compito),
995 877 1066 906 ma
1106 864 1202 906 acio
1253 878 1334 906 con
1372 865 1576 906 medemo
1614 864 1780 906 denaro
1824 864 1859 905 si

56 923 176 978 possi
207 922 463 976 proseguire
495 922 522 962 il
566 922 812 971 Breviari03
855 935 935 975 per
977 924 1099 963 tanto
1132 923 1343 976 supplica,
1392 923 1472 963 che
1505 922 1583 964 SS.
1613 922 1726 964 Loro
1757 921 1860 963 Illu-

58 981 268 1023 strissime
301 994 323 1021 e
355 980 736 1021 Reverendissime
769 981 946 1022 dessero
980 980 1009 1021 li
1042 980 1185 1021 ordini
1218 981 1261 1022 di
1294 981 1358 1023 far
1389 981 1574 1022 scrivere
1607 979 1673 1022 all‘
1694 980 1861 1022 arcive-

58 1052 191 1081 scovo
225 1039 268 1080 di
302 1039 413 1079 Zara
444 1042 485 1079 et
517 1038 587 1079 3111
627 1039 721 1079 altri
764 1038 939 1079 vescovi
983 1038 1093 1079 delle
1124 1039 1366 1091 provincie,
1409 1039 1520 1080 nelle
1553 1038 1671 1092 quali
1705 1041 1860 1092 questo

58 1097 243 1139 Messale
275 1097 307 1138 s’
326 1097 584 1149 adoperera‚
618 1097 671 1137 ed
702 1110 813 1138 3000
837 1097 878 1137 31
910 1095 1111 1137 Ministro
1135 1097 1408 1138 Provinciale
1432 1097 1500 1138 del
1533 1097 1674 1138 Terzo
1709 1097 1862 1138 ordine

57 1156 101 1198 di
133 1156 176 1197 S.
207 1156 452 1196 Francesco
485 1154 666 1196 Becanti
700 1155 742 1195 in
776 1154 1005 1203 Dalmatia,
1039 1155 1133 1195 acio
1178 1155 1279 1208 ogni
1313 1155 1476 1197 chiesia
1508 1158 1549 1196 et
1582 1155 1682 1208 ogni
1715 1168 1861 1196 sacer-

58 1214 161 1256 dote
193 1212 430 1266 apparechi
462 1212 490 1253 il
522 1213 688 1253 danaro
721 1225 799 1265 per
831 1212 1071 1266 comprarsi
1104 1213 1131 1253 il
1164 1213 1285 1254 detto
1319 1213 1548 1255 Messale“.

58 1292 409 1372 XXIVAffihiVUm
437 1292 472 1326 S.
508 1291 647 1338 Congr.
683 1292 795 1337 Prop.
836 1291 967 1335 Fidei3
1001 1291 1073 1327 Ms.
1107 1293 1181 1328 vol.
1208 1293 1286 1338 390,
1321 1292 1345 1327 f.
1372 1293 1415 1338 ὃς
1442 1292 1682 1337 Ὲο1Ἦ1οᾶἓ10,
1712 1292 1865 1327 Starine

58 1365 73 1373 1
98 1366 113 1373 1
194 1366 202 1384 ,
252 1360 282 1373 ...

750 1458 818 1496 74.
851 1458 980 1505 1630,
1014 1453 1183 1497 Romae.

196 1537 326 1579 Natio
359 1537 520 1579 slavica
552 1537 595 1577 in
628 1537 738 1578 aede
771 1537 813 1578 S.
848 1537 1104 1591 Hieronymi
1143 1538 1436 1580 Slavonorum
1469 1538 1524 1579 de
1555 1538 1672 1580 Urbe
1704 1551 1863 1580 monu-

58 1607 235 1649 mentali
269 1607 507 1660 epigraphe
538 1607 694 1648 merita
726 1607 890 1648 Urbani
935 1620 1078 1660 papae
1127 1607 1218 1648 VIII
1262 1608 1316 1649 de
1348 1621 1394 1648 se
1427 1610 1468 1648 et
1498 1607 1672 1660 liturgia
1704 1608 1864 1661 Glago-

59 1677 408 1719 litico-Romana
440 1676 653 1718 celebrate

197 1747 376 1789 Urbano
420 1744 529 1786 VIII.
571 1746 618 1787 P.
654 1745 700 1786 O.
747 1745 804 1786 M.
849 1770 904 1775 -
952 1746 1083 1796 Quod
1126 1746 1284 1788 affectu
1328 1747 1580 1799 complexus
1628 1745 1864 1788 Nationem

58 1803 271 1858 Illyricam
307 1828 354 1834 -—
390 1804 428 1845 A
461 1803 532 1845 CC
576 1804 702 1845 annis
743 1804 786 1844 in
819 1804 904 1845 hoc
947 1805 1125 1857 templo,
1168 1808 1324 1857 postea
1368 1818 1393 1846 a
1426 1805 1549 1846 Sixto
1583 1804 1617 1844 V
1649 1817 1675 1846 a
1706 1804 1865 1846 funda-

59 1863 216 1905 mentis
248 1887 303 1892 -
335 1862 542 1903 Extructo
577 1865 886 1914 congregatam
920 1887 969 1892 —-
994 1863 1147 1904 Eidem
1172 1862 1514 1916 Congregationi
1547 1863 1862 1916 tranquillitate

60 1921 232 1963 reddita
263 1945 316 1950 —
368 1921 510 1961 Domo
561 1920 604 1961 S.
657 1920 748 1961 Caii
791 1921 875 1961 ΡΡ.
918 1921 971 1962 M.
1013 1919 1167 1973 Illyrici
1200 1934 1226 1962 a
1272 1921 1558 1963 fundamento
1593 1921 1780 1962 excitata
1809 1945 1864 1951 —

61 1979 324 2032 Baptisterio
359 1978 634 2020 Constantini
666 1977 949 2031 Imperatoris
982 1979 1132 2031 Illyrici
1165 1979 1380 2020 illustrato
1416 2004 1462 2009 —
1500 1979 1739 2021 Sacrorum
1772 1979 1864 2033 My-

60 2037 290 2078 steriorum
324 2037 445 2078 libris
478 2036 656 2089 Illyricis
680 2036 874 2089 purgatis
897 2061 951 2066 —-
975 2037 1174 2078 Alumnis
1197 2036 1374 2091 Illyricis
1397 2037 1646 2079 Lauretano
1671 2035 1865 2090 Collegio

61 2095 270 2137 restitutis
306 2119 353 2124 -
398 2093 726 2135 Immortalibus
768 2094 990 2136 beneficiis
1031 2095 1224 2136 affecerit
1266 2120 1321 2125 ——
1366 2095 1620 2137 Alexandro
1656 2095 1699 2137 S.
1732 2096 1786 2136 R.
1819 2096 1867 2136 Ε.

65 2153 284 2195 Cardinali
317 2152 569 2194 Protectore
619 2176 664 2181 —
710 2152 873 2194 Eadem
918 2153 1045 2194 Natio
1090 2153 1198 2206 grati
1240 2153 1374 2195 animi
1416 2153 1501 2195 hoc
1534 2153 1868 2195 Monumentum

63 2211 148 2252 ΡΡ.
184 2235 232 2241 -
266 2211 397 2252 Αο00
429 2210 606 2251 Domini
638 2209 889 2251 MDCXXX.

200 2289 354 2332 Farlati,
379 2289 578 2335 Illyricum
605 2289 775 2332 Sacrum,
801 2289 865 2332 IV,
893 2289 968 2324 139.
996 2289 1240 2336 Epigraphes
1268 2294 1377 2325 extat
1401 2290 1610 2325 hodiedum
1636 2291 1675 2324 in
1702 2290 1866 2325 ecclesia

66 2335 100 2370 S.
126 2335 356 2382 Hieronymi
383 2335 638 2371 Slavonorum
666 2336 712 2370 de
740 2335 853 2371 Urbe.

696 2455 762 2494 75.
796 2455 926 2505 1630,
959 2453 1230 2496 Makarskae.

204 2535 538 2577 Bartolomaeus
578 2535 742 2576 Kadcic
786 2535 1019 2589 episcopus
1065 2535 1388 2577 Makarskensis
1437 2537 1478 2576 et
1518 2534 1781 2576 Dumnensis
1826 2535 1870 2576 in

67 2604 278 2646 relatione
310 2605 366 2646 ad
399 2604 443 2646 S.
477 2604 637 2646 Sedem
671 2605 724 2645 de
757 2607 873 2646 statu
907 2605 1161 2647 dioeceseos
1193 2606 1306 2647 inter
1337 2605 1422 2647 alia
1453 2605 1606 2646 refert:

209 2685 425 2734 „Ecclesia
457 2685 739 2727 Macariensis
772 2689 836 2727 est
870 2687 951 2727 sub
976 2687 1172 2728 dominio
1196 2687 1443 2728 Turcanem
1467 2686 1509 2727 in
1532 2686 1731 2739 partibus
1764 2685 1866 2727 Dal-

67 2742 238 2791 matiae,
271 2745 311 2784 et
344 2744 617 2785 Arciducatu
649 2744 692 2785 S.
741 2743 931 2791 Sabbae,
975 2745 1058 2786 sita
1090 2745 1210 2785 iuxta
1241 2745 1342 2785 litus
1389 2744 1522 2785 maris
1555 2744 1780 2785 Adriatici.
1819 2767 1866 2772 —

67 2799 287 2842 Dioecesis
318 2801 426 2843 haec
455 2805 646 2855 quatuor
692 2802 960 2844 monasteria
1003 2803 1180 2844 Fratum
1225 2801 1265 2844 S.
1310 2802 1529 2843 Francisci
1564 2801 1780 2842 Minorum
1815 2801 1870 2842 de

69 2855 356 2901 Observantia
388 2860 703 2913 complectitur.
741 2884 789 2889 —
827 2859 944 2901 Ultra
977 2861 1055 2901 has
1088 2860 1334 2912 parochias,
1359 2873 1468 2912 quas
1501 2861 1650 2899 1011001
1683 2859 1867 2907 Fratres,

0 2937 1 2941 =
70 2918 170 2956 sunt
201 2916 310 2957 aliae
345 2920 443 2966 tres,
475 2931 584 2970 quas
617 2917 924 2958 administrant
956 2918 1202 2972 Presbyteri
1235 2918 1277 2958 in
1299 2917 1470 2971 Illyrico
1504 2917 1712 2957 idiomate
1745 2929 1869 2957 sacra

0 3009 1 3022 ,
72 2972 304 3022 facientes3
338 2988 522 3028 quarum
555 2975 696 3028 prima
726 2978 789 3016 est
822 2975 1040 3027 Podgora,
1088 2976 1161 3016 ubi
1197 2978 1297 3016 sunt
1330 2975 1442 3016 duae
1476 2974 1696 3021 ecclesiae,
1730 2974 1869 3025 prima

0 3026 3 3087 2
71 3029 274 3072 Omnium
325 3031 603 3080 Sanctorum,
646 3033 839 3074 secunda
881 3033 923 3073 S.
969 3033 1173 3074 Theclae.
1220 3033 1424 3074 Secunda
1468 3035 1531 3072 est
1576 3031 1791 3081 Zagvozd‚
1827 3031 1867 3070 10

0 3090 5 3135 l,
73 3099 158 3139 qua
191 3091 254 3129 est
287 3090 468 3132 ecclesia
514 3090 557 3131 S.
591 3091 753 3132 Mariae
799 3090 1030 3131 aedificata
1069 3091 1192 3131 annis
1239 3090 1494 3142 praeteritis.
1532 3089 1678 3129 Tertia
1716 3088 1858 3128 l-{relili

4 3151 5 3155 ’
73 3142 253 3201 [Brela],
288 3149 329 3187 in
361 3161 449 3200 qua
479 3150 580 3188 sunt
613 3148 820 3189 ecclesiae
841 3148 967 3197 duae,
991 3148 1190 3188 videlicet
1214 3148 1257 3188 S.
1283 3147 1448 3188 Nicolai
1474 3149 1514 3187 et
1539 3146 1579 3187 S.
1605 3146 1855 3197 Stepliani.“

208 3225 364 3269 Farlati,
390 3226 588 3272 Illyricum
616 3226 786 3270 Sacrum,
813 3226 877 3268 IV,
906 3227 979 3259 195.
