2191 3434
569 703 604 732 I.
636 703 759 744 1402,
790 690 1058 745 Ravanjska,
1078 691 1242 733 Nonen.

124 785 298 827 Missale
331 784 646 839 Glagoliticum
689 787 967 839 Koprivense
1001 787 1058 828 de
1091 788 1299 828 mandato
1333 788 1574 828 sacerdotis
1609 788 1720 841 Lupi
1754 802 1828 830 ne-

44 857 98 896 tis
129 857 299 897 abbatis
349 855 393 898 S.
427 857 607 910 Georgii
640 858 695 898 de
747 858 939 911 Kopriva
980 860 1021 898 in
1073 859 1318 913 Ravanjska
1351 860 1584 912 parochiae
1631 860 1829 913 Jesenice

15 923 121 986 ‘rope
153 929 312 969 ostium
347 929 574 983 Zrmanjae
606 929 796 982 fluminis
817 929 1037 971 Nonensis
1058 931 1332 981 dioeceseos,
1347 931 1468 984 quod
1497 932 1536 971 in
1558 931 1829 973 Bibliotheca

50 1000 165 1054 llegii
197 1000 360 1041 Urbani
393 1001 449 1041 de
482 1001 769 1055 Propaganda
802 1001 910 1042 Fide
942 1009 1196 1052 asservatur,
1230 1003 1530 1043 conscribitur.

18 1110 19 1120 ,
122 1081 332 1123 Assemani,
353 1082 434 1117 Kal.
455 1083 526 1117 Un.
552 1082 654 1117 Eccl.
682 1082 744 1117 1v.
765 1092 848 1126 cap.
874 1082 936 1118 IV.
960 1083 991 1127 ξ.
1019 1085 1055 1117 6:
1080 1083 1289 1118 ›Breviaria
1310 1087 1348 1118 et
1376 1083 1539 1118 Missalia
1560 1085 1825 1128 manuscripta,

3 1121 129 1210 &vico
155 1139 344 1170 sermone,
371 1130 444 1165 ritu
495 1130 649 1165 Latino:
713 1129 864 1164 Missale
915 1150 957 1155 —
997 1131 1179 1175 scriptum
1208 1130 1277 1166 fuit
1303 1142 1402 1166 anno
1429 1135 1520 1166 1402
1558 1132 1667 1177 jussu
1694 1132 1826 1167 Sacer-

34 1176 80 1210 tis
105 1176 204 1221 Lupi
230 1178 382 1221 nepotis
421 1178 565 1212 abbatis
592 1178 641 1212 de
668 1178 847 1222 Koprive.
874 1179 986 1212 Anno
1013 1189 1104 1213 vero
1144 1182 1246 1213 1440.
1285 1179 1434 1213 transiit
1453 1179 1489 1213 in
1526 1179 1588 1223 jus
1615 1180 1675 1215 Fr.
1715 1181 1826 1222 Petri,

0 1224 95 1258 ferni
121 1224 275 1260 Ordinis
302 1225 339 1260 S.
365 1225 556 1260 Francisci
582 1226 685 1269 apud
711 1224 748 1260 S.
776 1225 939 1260 Crucem
960 1225 1144 1272 degentis,
1174 1226 1338 1260 Demum
1365 1237 1465 1262 anno
1493 1229 1582 1261 1627
1612 1228 1827 1271 pertinebat

18 1271 28 1306 1
53 1271 262 1306 Ecclesiam
289 1272 326 1307 S.
348 1272 502 1318 Joannis
528 1273 577 1307 de
598 1273 710 1318 Jadra
737 1273 911 1319 ejusdem
954 1273 1073 1308 Tertii
1100 1274 1269 1309 Ordinis:
1297 1275 1623 1320 quemadmodum
1648 1275 1743 1309 haec
1763 1276 1827 1310 ad-

32 1319 124 1354 tatio
150 1320 303 1354 docet«
334 1319 409 1355 Cfr.
436 1320 530 1354 infra
557 1321 598 1355 N.
626 1324 682 1360 15,
711 1341 754 1345 -
784 1321 1056 1356 Monasterium
1084 1322 1122 1356 S.
1149 1321 1301 1368 Georgii
1329 1322 1378 1357 de
1413 1323 1560 1364 Ravna,
1589 1323 1646 1357 vel
1674 1323 1722 1357 de
1749 1324 1826 1357 Ko-

20 1364 84 1401 ¹>iva
109 1367 169 1401 vel
196 1367 245 1402 de
271 1367 459 1410 Obrovac,
487 1368 640 1403 Ordinis
680 1368 715 1402 S.
745 1369 938 1403 Benedicti
967 1374 1057 1410 erat,
1096 1369 1305 1404 hodiedum
1334 1374 1439 1404 extat
1465 1370 1637 1404 eiusdem
1665 1370 1828 1406 ecclesia

20 1413 168 1449 'littore
194 1415 306 1450 maris
333 1415 370 1450 in
396 1416 575 1460 parochia
595 1416 770 1461 Jesenice
796 1427 918 1461 prope
945 1421 1110 1452 castrum
1133 1417 1323 1452 Obrovac.
1351 1418 1582 1452 Memoratur
1608 1419 1680 1452 iarn
1708 1419 1745 1452 in
1770 1419 1825 1452 di—

20 1455 21 1465 *
47 1467 147 1496 mate
173 1466 265 1498 1070
303 1464 403 1510 regis
428 1464 528 1498 Petri
567 1464 756 1499 Cresimiri
784 1463 932 1512 (Racki,
959 1464 1201 1500 Documenta
1244 1466 1328 1500 hist.
1374 1465 1500 1501 Croat.
1528 1466 1576 1501 ill.
1621 1466 1825 1512 Zagrabiae

7 1512 82 1551 ⁷77,
109 1520 143 1555 p.
171 1512 235 1554 87)
262 1514 301 1546 et
326 1511 565 1556 sequioribus
591 1511 752 1546 saeculis
780 1511 870 1557 (Cfr.
897 1511 1042 1552 Crneid,
1065 1513 1265 1559 NajstariJa
1291 1514 1445 1559 povjest
1470 1512 1603 1560 krekoj
1632 1514 1822 1559 biskupiji,

21 1554 101 1592 'uma
126 1560 229 1599 1887,
258 1561 302 1593 18
327 1558 386 1605 s.).

22 1635 24 1655 l

382 1694 429 1734 ’2.
462 1704 582 1746 1403,
613 1704 652 1746 4.
685 1691 925 1741 Februarii,
957 1692 1131 1747 Hreljin
1170 1692 1420 1735 Corbavien.

120 1775 352 1828 Presbyter
383 1775 549 1846 Blasius
582 1777 795 1829 plebanus
829 1779 870 1817 in
903 1777 1070 1832 Hreljin
1104 1776 1410 1819 Corbaviensis
1443 1778 1703 1820 dioeceseos
1745 1779 1824 1819 do-

3 1848 217 1904 ›itionales
267 1847 473 1888 Andreae
524 1847 698 1889 Sevatic':
746 1850 1016 1889 monasterio
1068 1849 1330 1902 Hreljinensi
1383 1850 1519 1900 datas,
1572 1850 1821 1904 glagolitice

37 1918 164 1959 nficit.

121 1980 281 2030 Surmin,
308 1989 404 2024 Acta
429 1990 595 2024 croatica
620 1990 646 2031 I,
674 1989 876 2036 Zagrabiae
902 1992 1009 2031 1898,
1036 1994 1116 2025 404.

560 2147 604 2186 3.
636 2146 758 2188 1405.
789 2134 964 2187 Nuglae
1003 2135 1043 2177 Τ
1039 2135 1235 2187 ergestz'n.

119 2218 339 2273 Aquisitio
372 2219 556 2260 Missalis
590 2218 839 2272 Glagolitici
890 2219 1125 2273 Nuglensis
1176 2233 1256 2272 pro
1290 2221 1475 2261 ecclesia
1515 2219 1593 2262 SS.
1627 2221 1821 2263 Helenae

8 2284 161 2331 &Petri
195 2290 365 2344 Nuglae
397 2290 630 2343 parochiae
663 2290 758 2331 Roe
789 2291 908 2343 apud
931 2291 1224 2344 Pinguentum
1259 2293 1300 2332 in
1323 2292 1517 2333 dioecesi
1551 2292 1823 2346 Tergestina,

29 2364 216 2421 emoriae
249 2363 569 2403 characteribus
591 2362 850 2416 glagoliticis
873 2363 913 2402 in
947 2362 1108 2403 eodem
1143 2363 1300 2404 codice
1335 2360 1435 2418 [cfr.
1468 2377 1499 2405 s.
1532 2362 1661 2419 XVI.]
1698 2378 1819 2405 com-

30 2434 33 2509 'W
52 2434 218 2476 ndatur.

119 2495 278 2544 Surmin,
306 2504 402 2538 Acta
425 2504 589 2538 croatica
615 2504 640 2544 1,
667 2503 870 2549 Zagrabiae
897 2506 1001 2544 1898,
1029 2507 1109 2538 107.

367 2659 407 2702 4.
439 2659 560 2701 1405.
593 2659 734 2688 mense
770 2646 972 2688 Octobris.
1011 2646 1202 2701 Omis'alj
1243 2648 1410 2701 Veglen.

119 2730 244 2784 Opus
276 2732 490 2772 fenestrae
523 2731 775 2772 orbicularis
809 2733 850 2771 in
884 2732 1025 2773 fronte
1058 2733 1271 2773 ecclesiae
1304 2732 1347 2773 B.
1384 2733 1432 2774 V.
1453 2733 1611 2773 Mariae
1632 2732 1816 2774 Assum-

55 2815 79 2843 e
110 2802 306 2857 Ornisalji
338 2800 704 2858 (Castelrnuschio
757 2802 991 2857 Veglensis
1042 2801 1319 2858 dioeceseos)
1371 2804 1623 2845 absolutum
1674 2818 1698 2845 a
1731 2817 1819 2845 ma-

15 2872 112 2943 „¹²¹0
144 2874 328 2915 Martino
380 2874 543 2916 Glusec
585 2874 748 2927 duplici
801 2875 1083 2927 inscriptione
1134 2875 1383 2929 glagolitica
1424 2876 1664 2915 memoriae
1698 2888 1819 2917 corn-

36 2944 220 2996 udatur.

121 3005 281 3055 Surmin,
308 3014 404 3049 Acta
429 3015 592 3050 croatica
618 3015 643 3050 Ι.
671 3015 871 3060 Zagrabiae
900 3017 1001 3055 1898,
1031 3018 1107 3051 108.
