2243 3444
405 147 447 177 10
892 136 894 139 ’
1084 137 1535 182 Fontesliturgiae

541 286 816 326 Innocentius
849 286 1082 336 episcopus
1116 290 1195 330 ete,
1226 282 1469 322 Venerabili
1503 281 1615 320 fratri
1638 281 1881 332 Fructuoso
1902 282 2114 333 episcopo
2138 280 2224 321 Ve-

401 344 553 398 glen(si
587 343 697 397 etc.),
731 344 884 383 Dilecti
927 343 998 382 filii
1031 342 1183 381 Abbas
1217 350 1257 380 et
1291 338 1577 392 Con(ventus)
1633 342 1880 380 monasterii
1924 341 2059 380 sancti
2093 340 2224 380 Nico-

400 406 452 443 lai
485 404 541 443 de
574 402 722 443 Castro
756 402 921 441 Muscla
954 401 1116 441 ordinis
1149 399 1295 440 Sancti
1349 399 1571 438 Benedicti
1605 405 1677 437 tue
1725 398 1942 438 dioecesis
1987 400 2114 439 nobis
2145 399 2221 439 hu-

402 463 555 502 militer
587 463 891 513 supplicarunt,
925 468 968 499 ut
1002 472 1101 499 cum
1135 461 1228 510 ipsi,
1258 459 1329 510 qui
1352 456 1493 498 Sclavi
1528 459 1720 497 existunt
1752 465 1794 497 et
1825 458 2032 497 selavicas
2065 458 2225 498 litteras

401 522 597 569 habeant,
631 521 796 560 discere
829 520 978 558 latinas
1011 519 1169 558 litteras
1203 530 1290 556 non
1324 523 1518 568 possunt,
1570 517 1643 564 eis,
1675 523 1721 556 ut
1754 517 1796 556 in
1845 517 2002 557 litteris
2026 517 2225 557 sclauicis

401 580 640 619 secundum
675 581 800 618 ritum
835 578 1019 616 ecclesie
1052 577 1248 616 Romane
1282 576 1424 615 divina
1458 575 1600 614 officia
1632 576 1807 624 valeant,
1833 576 2063 624 celebrare,
2095 582 2225 627 prout

402 639 531 678 iidem
566 646 606 677 et
640 638 973 689 predecessores
1007 637 1071 675 sui
1104 635 1245 675 facere
1278 640 1610 681 consueverunt,
1631 634 1846 674 licentiam
1882 635 2128 674 concedere
2149 647 2222 674 cu-

401 710 600 736 raremus.
634 696 700 736 De
732 704 803 735 tua
836 696 1227 746 circumspectione
1260 693 1433 744 plenam
1469 694 1508 732 in
1545 692 1738 733 Domino
1785 693 1990 733 fiduciam
2023 694 2224 733 obtinen-

401 764 478 803 tes
510 757 772 807 presentium
805 755 879 793 tibi
913 755 1165 793 auctoritate
1199 752 1497 799 concedimus,
1549 759 1594 791 ut
1626 765 1757 803 super
1789 752 1873 792 hoc
1926 752 2069 800 facias,
2101 752 2222 804 quod

402 815 555 854 videris
606 813 825 865 expedire.
876 812 1035 852 Datum
1070 812 1229 851 Perusii
1263 811 1352 850 VII.
1386 810 1605 851 Kalendas
1656 810 1875 850 Februarii
1927 810 2225 865 (Pontificatus

402 872 561 924 Nostri)
594 872 725 912 Anno
759 872 898 911 Nono.

540 952 775 986 Tabularium
804 952 1036 992 Vaticanum,
1064 951 1228 996 Regesta
1254 951 1460 984 Innocentii
1489 950 1548 984 IV.
1579 950 1619 984 N.
1647 953 1701 984 22.
1728 950 1780 984 fo.
1809 953 1892 992 1243
1913 951 2024 985 Anno
2051 950 2104 984 lx
2121 961 2145 983 0
2165 960 2226 994 ep.

402 1003 455 1034 96.
485 999 557 1034 Cl'r.
586 1000 755 1037 Theincr.
785 999 1027 1032 Monumenta
1053 998 1150 1032 Slav.
1192 998 1386 1031 Meridion.
1416 999 1440 1038 Ι,
1477 1000 1530 1031 79.
1558 998 1742 1038 Potthast,
1781 997 1875 1042 Reg.
1910 998 2019 1032 Pont.
2054 998 2164 1032 Rom.
2190 1009 2226 1032 n.

402 1051 525 1080 14485.

823 1169 862 1207 ό.
895 1176 1012 1218 1275,
1046 1164 1180 1205 Prin&
1204 1164 1322 1218 apud
1350 1164 1547 1205 Pz‘sz'num
1580 1163 1802 1206 Parentin.

541 1249 768 1301 Presbyter
794 1250 1011 1295 Nicolaus,
1034 1249 1281 1300 capellanus
1314 1250 1486 1288 comitis
1519 1249 1765 1298 Pisinensis,
1797 1249 2010 1301 plebanus
2043 1251 2084 1288 in
2114 1248 2226 1290 Gola

401 1320 559 1361 Gorica
591 1322 843 1360 auctoritate
885 1321 1057 1372 publica
1099 1321 1302 1369 notarius,
1335 1332 1414 1359 nec
1467 1332 1555 1359 non
1589 1321 1760 1359 comitis
1811 1318 2043 1359 Pisinensis,
2075 1327 2118 1360 et
2150 1332 2227 1359 no-

401 1392 550 1431 bilium
584 1393 723 1430 scriba
757 1393 797 1430 in
830 1390 967 1439 Princ,
1016 1392 1348 1430 instrumentum
1395 1389 1699 1431 confinationis
1732 1392 1842 1430 inter
1885 1398 2017 1430 terras
2049 1392 2224 1442 patriar—

401 1462 551 1502 chatus
573 1461 876 1514 Aquileiensis,
909 1460 1080 1501 comitis
1103 1461 1347 1510 Pisinensis,
1369 1460 1627 1503 Communis
1648 1462 1891 1510 Pisinensis,
1923 1463 2227 1513 possessiones

401 1533 576 1572 Domini
612 1533 806 1572 Venetici
842 1540 883 1572 et
914 1533 1094 1572 aliorum
1129 1533 1339 1573 nobilium
1375 1533 1664 1582 Istrianorum‚
1697 1533 1944 1586 glagolitice
1978 1532 2166 1573 conficit.

543 1605 702 1654 Surmin,
729 1614 823 1647 Acta
852 1613 1023 1647 (jroatica
1049 1613 1073 1653 I,
1101 1613 1303 1657 Zagrabiae
1329 1616 1431 1654 1898,
1460 1617 1554 1647 mss.
1584 1616 1637 1647 72.

1005 1780 1039 1821 7.
1072 1769 1201 1816 1288,
1242 1768 1281 1809 T
1277 1768 1412 1809 ersatz'
1440 1768 1618 1820 Segnen.

542 1850 787 1904 Stephanus
820 1852 1151 1905 Epidauritanus
1185 1850 1260 1906 (od
1294 1860 1465 1906 staroga
1497 1850 1810 1906 Dubrovnika),
1861 1854 2095 1906 episcopus
2133 1852 2228 1893 Mo-

403 1923 662 1963 drusciensis
708 1925 1044 1964 consecrationis
1078 1924 1287 1964 ecclesiae
1322 1923 1363 1964 S.
1397 1924 1542 1964 Lucae
1570 1923 1735 1964 Tersati
1768 1939 1792 1963 a
1824 1937 1870 1964 se
1903 1931 2104 1975 peractae
2137 1936 2227 1964 me-

404 1995 581 2033 moriam
618 1994 932 2034 characteribus
966 1995 1222 2047 glagoliticis
1253 1998 1293 2034 in
1343 1995 1447 2034 folio
1481 2007 1747 2048 pergameno
1781 1994 1951 2034 fistulae
1992 1995 2226 2046 plumbeae

403 2064 517 2103 altari
552 2065 747 2104 eiusdem
782 2066 965 2105 ecclesia
998 2066 1289 2114 concreditae,
1321 2068 1562 2119 consignat.

544 2137 702 2185 Surmin,
729 2146 823 2179 Acta
850 2146 1012 2180 croatica
1038 2146 1062 2179 Ι.
1090 2146 1290 2191 Zagabriae
1316 2149 1418 2186 1898,
1450 2149 1503 2180 74.

1052 2302 1092 2342 8.
1125 2301 1253 2342 XIII.
1285 2316 1316 2342 s.
1349 2300 1585 2355 Aquz‘lcsjen.

545 2394 801 2434 Breviarium
827 2395 1132 2448 (ilagoliticum
1155 2397 1419 2445 Labacense‚
1453 2399 1574 2437 cuius
1627 2397 1864 2449 fragmenta
1899 2398 1938 2436 in
1960 2396 2228 2437 Bibliotheca

406 2464 602 2514 Lycaeali
640 2465 923 2505 Labacensias
957 2474 1237 2516 asservantur,
1271 2469 1567 2508 conscribitur.

545 2546 567 2578 Ι.
596 2544 732 2582 Hercle.
761 2538 916 2579 (litanka
942 2547 1086 2581 starosl.
1112 2548 1232 2591 jezika
1259 2548 1351 2593 Prag
1378 2550 1479 2587 1864,
1508 2559 1542 2591 p.
1571 2548 1606 2581 X
1634 2553 1671 2582 et
1698 2551 1754 2582 40.

976 2716 1021 2752 9.
1054 2701 1182 2743 XIII.
1213 2716 1245 2743 s.
1278 2702 1622 2756 Nzgrocorcyren.

544 2781 803 2822 Breviarium
837 2784 1143 2836 Glagoliticum
1186 2785 1583 2839 Nigrocorcyrense
1629 2785 1847 2841 (Korcula,
1879 2786 2015 2826 insula
2054 2787 2096 2826 in
2128 2785 2230 2826 Data

408 2850 564 2903 martia),
596 2854 716 2892 cuius
750 2854 986 2906 fragmenta
1023 2856 1143 2896 1862.
1190 2856 1341 2908 Joanni
1393 2857 1540 2897 Bereie‘
1583 2858 1742 2898 donata
1775 2859 1816 2897 in
1849 2870 1924 2897 sua
1957 2855 2227 2898 Collectione

407 2924 486 2961 sub
510 2922 558 2961 N.
580 2923 627 2961 51
655 2926 991 2973 asservabantur,
1025 2919 1064 2964 in
1098 2926 1348 2967 Dalmaticis
1381 2929 1529 2968 insulis
1552 2929 1906 2969 meridionalibus
1927 2928 2224 2968 conscribitur.

546 3002 571 3037 Ι.
599 3002 735 3044 Bercic,
763 2995 917 3038 Citanka
944 3005 1083 3039 Starosl
1121 3007 1240 3050 jezika
1268 3008 1359 3053 Prag
1386 3010 1486 3049 1864,
1514 3019 1547 3052 p.
1577 3009 1622 3043 X.
1650 3013 1687 3042 et
1714 3013 1758 3042 40
1784 3019 1811 3042 s.
