2191 3434
637 313 1240 356 Glagolito-Romanae
1267 314 1359 350 XIX.
1387 325 1415 350 s.
1778 319 1842 353 163

368 458 428 500 95
448 457 484 499 b.
526 458 663 508 1885,
703 459 742 499 5.
768 457 900 512 sulii,
945 457 1190 500 Velelzracli
1223 461 1265 500 et
1296 459 1341 500 ιή
1375 459 1635 502 Dalmaticl.

255 540 539 581 Millenarium
584 543 729 582 mortis
776 541 815 581 S.
842 542 1048 582 Methodii
1094 541 1320 582 Velehradi
1368 545 1405 583 in
1453 545 1638 584 Moravia
1685 546 1890 585 universis

114 611 246 653 Slavis
279 614 470 653 maximis
504 612 843 653 solemnitatibus
887 612 1214 661 celebrantibus,
1260 615 1465 654 sacerdos
1507 616 1691 665 Joannes
1738 616 1889 655 Danilo

110 685 324 735 jadrensis
360 697 471 735 opus
493 683 716 725 cardinalis
752 686 966 725 Dominici
988 685 1185 724 Bartolini
1210 686 1300 733 (cir.
1328 687 1377 725 N.
1405 687 1458 726 89
1485 687 1510 724 b
1533 690 1648 734 nota>
1684 689 1890 727 croaticae

111 754 283 806 linguae
318 756 460 796 donat.

255 824 353 860 Sveti
384 811 499 860 Cirilo
528 826 535 859 i
565 825 712 868 Metod,
743 824 927 869 Povjesne
956 827 1031 859 crte
1061 825 1214 869 njihova
1247 826 1372 860 iivota
1399 826 1407 859 i
1437 826 1726 870 apostolovanja
1753 837 1775 860 u
1812 826 1891 862 Sla-

110 872 280 907 venskim
309 873 516 908 narodima.
545 873 656 908 Pisao
684 873 865 908 Dominik
899 872 1092 913 Bartolini‚
1119 883 1260 916 preveo
1288 874 1296 906 i
1325 873 1433 908 izdao
1461 884 1538 917 pop
1568 874 1654 908 Ivan
1681 874 1830 910 Danilo.
1858 875 1891 909 U

109 920 234 955 Zadru
265 920 365 963 1885,
394 931 429 963 p.
451 920 579 956 XXIV.

523 1041 614 1083 100
629 1052 669 1082 α.
709 1041 847 1091 1887,
881 1040 945 1083 20
978 1039 1254 1094 Septembris
1286 1039 1497 1083 Sibelzici.

253 1124 462 1164 Antonius
495 1126 655 1175 Joseph
699 1125 837 1165 Fosco
887 1126 1122 1175 episcopus
1164 1125 1466 1174 Sibenicensis;
1511 1128 1739 1166 occasione
1774 1127 1889 1166 Litte-

111 1209 248 1236 rarum
285 1194 595 1248 encyclicarum
630 1195 772 1236 Nuntii
795 1196 1034 1247 Apostolici
1060 1196 1414 1237 Vindobonensis
1448 1197 1607 1250 Aloysii
1643 1196 1890 1238 Galimberti

112 1269 200 1316 [cfr.
237 1268 287 1307 N.
329 1269 441 1316 100]‚
489 1268 647 1310 Rituale
697 1268 942 1308 Croaticum
976 1267 1164 1319 vulgare,
1215 1270 1265 1308 ab
1310 1270 1485 1309 Urbano
1531 1282 1639 1320 papa
1682 1270 1763 1310 VIII
1810 1271 1889 1309 iarn

110 1340 230 1378 Motu
278 1339 457 1389 ProprIO
502 1339 709 1379 indultum
760 1340 848 1388 [cfr.
884 1339 989 1378 XVII
1015 1352 1046 1379 s.
1090 1340 1140 1380 N.
1189 1341 1300 1389 109J,
1349 1342 1467 1391 quasi
1512 1342 1684 1381 abusive
1733 1346 1888 1381 tantum

110 1410 330 1449 inductum
367 1414 490 1458 esset,
526 1411 752 1459 interdicit;
787 1409 957 1452 Ritualis
993 1411 1119 1450 Latini
1155 1411 1432 1461 adoptionem
1470 1413 1687 1453 mandans.

130 1499 133 1500 ⁷
168 1507 272 1547 Nro.
316 1507 437 1546 1148.

612 1566 660 1605 Αἰ
696 1566 775 1607 RR.
812 1566 1011 1605 Parrochi
1047 1564 1156 1605 della
1191 1566 1377 1606 Diocesi.

253 1649 505 1688 Constando
550 1647 632 1688 allo
680 1650 899 1697 scrivente,
945 1650 1023 1688 che
1070 1651 1108 1689 in
1154 1648 1303 1689 alcune
1340 1650 1479 1700 poche
1516 1650 1744 1690 Parocchie
1781 1649 1889 1690 della

108 1709 283 1748 Diocesi
318 1710 328 1748 i
363 1709 442 1750 RR.
480 1709 674 1749 Curatori
716 1709 755 1748 d’
782 1710 918 1748 anime
953 1710 985 1748 si
1021 1710 1240 1748 servivano
1285 1710 1379 1748 sino
1424 1709 1475 1748 ad
1520 1721 1592 1748 ora
1628 1710 1694 1749 del
1732 1711 1888 1752 Rituale

108 1769 302 1811 Romano
338 1780 423 1807 non
459 1766 600 1816 latino,
637 1781 701 1807 ma
737 1769 775 1807 in
811 1767 926 1808 slavo
948 1767 1137 1818 volgare,
1174 1781 1376 1819 vengono
1414 1770 1523 1818 posti
1559 1770 1597 1807 in
1633 1774 1887 1817 avvertenza,

109 1839 252 1867 essere
288 1832 439 1878 questo
485 1840 539 1867 un
581 1840 707 1877 grave
743 1828 893 1875 abuso,
941 1830 1152 1867 contrario
1188 1826 1266 1867 alle
1302 1829 1575 1878 prescrizioni
1624 1827 1732 1868 della
1768 1828 1888 1868 Santa

108 1887 234 1935 Sede,
271 1899 292 1926 e
328 1886 694 1937 particolarmente
730 1900 750 1926 a
786 1886 926 1937 quella
961 1892 1148 1927 emanata
1185 1886 1251 1927 del
1288 1887 1465 1935 Sommo
1502 1888 1715 1927 Pontet‘ice
1741 1889 1813 1927 Pio
1840 1888 1889 1927 IX

107 1945 219 1986 colla
267 1959 341 1986 sua
388 1945 529 1986 lettera
571 1947 639 1986 dei
675 1949 697 1985 5
734 1947 980 1986 Novembre
1022 1948 1128 1986 1855
1172 1947 1316 1986 diretta
1352 1960 1372 1985 a
1405 1948 1492 1986 tutti
1528 1948 1536 1985 i
1571 1948 1752 1987 Vescovi
1789 1945 1887 1986 dell'

108 2007 274 2057 impero
310 2007 533 2055 austriaco,
569 2005 604 2045 la
640 2005 764 2056 quale
799 2019 935 2046 suona
970 2004 1081 2046 cosi:
1132 2007 1381 2055 „formulae
1417 2008 1455 2045 in
1491 2007 1697 2046 sacrificio
1733 2007 1887 2046 Missae

109 2071 148 2106 et
181 2070 542 2105 sacramentorum
587 2066 948 2105 administratione
990 2068 1028 2105 in
1074 2064 1217 2116 lingua
1253 2067 1461 2116 cujusque
1497 2067 1596 2105 ritus
1630 2067 1681 2105 ab
1718 2070 1889 2116 aposto-

109 2123 186 2165 lica
230 2125 333 2165 sede
381 2125 546 2175 probati
592 2123 745 2165 sedulo
796 2127 864 2175 pie
911 2126 1202 2176 religioseque
1239 2126 1539 2175 usurpentur“,
1575 2137 1596 2164 e
1632 2126 1889 2165 confermata

109 2183 205 2224 dall’
241 2185 390 2224 attuale
426 2185 639 2225 Pontefice
675 2186 817 2225 Leone
839 2186 920 2225 XIII
955 2198 976 2224 a
1012 2198 1158 2224 mezzo
1195 2185 1263 2224 die
1298 2185 1379 2224 Sua
1402 2183 1647 2224 Eccellenza
1670 2183 1693 2224 il
1721 2185 1887 2224 Nunzio

107 2244 362 2295 Apostolico
398 2245 438 2283 di
460 2245 635 2291 Vienna,
672 2245 783 2284 colle
818 2258 892 2285 sua
926 2243 1142 2284 Circolare
1167 2245 1233 2284 dei
1265 2246 1312 2283 12
1339 2246 1514 2294 Maggio
1541 2245 1580 2283 di
1607 2245 1741 2294 quest'
1762 2257 1887 2291 anno,

109 2305 149 2343 in
185 2305 251 2343 cui
287 2303 308 2343 e
344 2304 478 2343 detto:
519 2305 697 2354 „Neque
733 2305 808 2344 abs
842 2317 885 2344 re
921 2306 995 2344 erit
1029 2304 1358 2343 animadvertere
1382 2305 1420 2343 in
1447 2304 1632 2354 praefato
1668 2316 1766 2344 casu
1802 2316 1887 2343 non

109 2363 162 2402 de
211 2363 410 2403 idiomate
454 2362 597 2414 aliquo
643 2363 872 2404 vernaculo
918 2365 982 2404 vel
1027 2362 1187 2413 vulgari
1234 2376 1321 2403 rem
1363 2368 1494 2403 actam
1538 2363 1666 2403 fuisse
1712 2364 1787 2403 sed
1833 2365 1886 2403 de

109 2423 308 2462 idiomate
343 2421 538 2473 liturgico
575 2423 693 2473 quod
730 2424 813 2474 jam
849 2424 919 2463 diu
955 2425 994 2463 in
1030 2425 1180 2463 divinis
1215 2423 1365 2463 officiis
1400 2423 1657 2474 peragendis
1691 2422 1729 2462 S.
1754 2423 1887 2462 Sedes

108 2480 234 2533 plene
269 2483 627 2532 approbaverat“;
662 2495 737 2533 per
771 2484 837 2523 cui
871 2485 1023 2523 vienne
1058 2484 1278 2533 prescritto
1304 2495 1324 2522 a
1359 2484 1444 2522 tutti
1468 2484 1476 2521 i
1502 2484 1556 2523 Μ.
1584 2483 1661 2524 RR.
1690 2482 1886 2521 Parrochi

109 2542 151 2581 di
185 2542 434 2592 provedersi
469 2540 536 2582 del
573 2540 730 2583 Rituale
766 2543 959 2584 Romano
1008 2543 1134 2582 latino
1171 2555 1192 2582 e
1228 2543 1269 2582 di
1313 2543 1546 2582 servirsene
1587 2540 1885 2591 specialmente

107 2599 206 2640 nell'
241 2602 624 2641 amministrazione
671 2602 738 2641 dei
786 2601 855 2641 SS.
892 2601 1148 2641 Sacramenti
1196 2614 1419 2652 compresa
1455 2602 1479 2640 l’
1505 2602 1884 2640 amministrazione

106 2658 205 2700 dell’
231 2661 480 2709 Eucarestia,
515 2673 600 2701 non
636 2662 714 2700 che
749 2661 785 2700 la
820 2661 1102 2701 benedizione
1137 2660 1299 2701 ntlzIale
1330 2662 1503 2700 durante
1529 2661 1564 2699 la
1589 2665 1702 2699 santa
1728 2661 1879 2700 Messa.

729 2731 848 2772 Dalla
884 2733 1010 2772 Curia
1045 2731 1269 2772 Vescovile

251 2802 464 2843 Sebenico
500 2804 554 2842 20
589 2803 823 2843 Settembre
863 2806 970 2844 1887

1081 2868 1101 2907 ἢ·
1137 2863 1321 2901 Antonio
1358 2863 1578 2912 Giuseppe
1614 2862 1822 2901 Vescovo.

251 2930 393 2965 Folium
431 2931 721 2969 Dioecesanum.
760 2942 929 2974 organon
969 2931 1106 2965 Curiae
1144 2931 1370 2974 episcopalis
1400 2929 1661 2970 Sibcniccnsis‚
1689 2929 1731 2963 w
1762 2930 1882 2971 (1887)

113 2988 146 3021 p.
168 2978 223 3012 77.
244 2977 306 3012 cfr.
327 2978 516 3013 Adnotata
544 2979 589 3013 ad
619 2979 662 3014 N.
693 2979 761 3013 100
776 2990 806 3014 e.

532 3098 622 3140 100
640 3098 676 3140 b.
719 3099 853 3149 1887,
890 3098 920 3139 2
954 3097 1232 3146 Novembri&
1268 3094 1464 3149 Ssmlafi.

251 3181 544 3221 Ordinariatus
578 3180 1137 3232 Spalaten.-Makarsl<cnsis
1171 3187 1415 3230 neomystae
1452 3180 1584 3218 Lucae
1618 3179 1718 3228 Jclic
1754 3177 1879 3217 iacul-

108 3257 230 3292 tatem
267 3253 434 3292 missam
472 3251 962 3302 Glagolito-Romanam
999 3250 1240 3291 celebrandi
1277 3251 1517 3300 impertitur.

1743 3330 1808 3362 11·
