2243 3444
327 282 381 317 VI
892 283 940 316 ΙΙ.
968 283 1068 317 Aeta
1094 283 1233 318 Curiae
1259 282 1467 317 Romanae.

277 437 375 467 rum
406 425 648 466 eorundem
680 424 891 466 librorum
924 423 1109 477 penuria
1139 423 1437 465 laborantium
1471 436 1615 472 causa,
1647 424 1757 478 petit
1787 427 1828 466 et
1860 425 1978 467 dono
2003 426 2084 468 ab-
2163 415 2182 448 -2

2172 488 2186 502 t

277 482 556 582 ῗῐέθῒὸἓγρεέἶ
575 481 857 535 glagoliticos,
890 482 946 523 ad
979 482 1158 523 eosdem
1196 481 1331 523 libros
1362 481 1692 535 imprimendos,
1739 482 1868 535 XVII,
1898 484 2082 535 46—47,

413 609 526 651 Acta
557 609 752 662 eJ'usdem
785 608 828 649 S.
863 607 1222 661 Congregationis
1251 608 1305 650 de
1322 608 1442 650 libris
1473 609 1682 661 liturgicis
1729 609 1901 651 slavicis
1949 610 2083 652 eden-

281 667 360 717 dis,
393 667 450 708 ib.
483 666 550 715 55,
583 667 650 715 57,
684 667 750 715 58,
785 667 850 715 60,
885 666 952 714 61,
986 666 1139 716 64,65‚
1164 666 1231 715 72,
1256 667 1323 716 73,
1361 666 2082 718 83-85,88,99,101,102,121.
2235 625 2243 652 L

418 724 619 765 Pontifex
633 723 873 776 Collegium
896 723 1109 777 Illyricum
1130 724 1425 765 Lauretanum
1442 737 1522 777 pro
1546 724 1732 765 alumnis
1752 738 1803 766 ex
1824 725 2082 778 parentibus

287 782 469 846 Illyricis·
504 782 695 835 Illyricae
745 781 918 834 linguae
959 781 1340 835 Litteraturaeque
1382 782 1572 834 Illyricae
1622 783 1774 835 peritis
1814 783 2087 825 restituit'et

283 840 789 949 aUget’Sffbtffossnffigregatio
823 894 1007 937 Concilii
1040 896 1252 938 relatione
1285 896 1479 950 episcopi
1512 895 1765 938 Petenensis
1819 898 1977 939 certior
2021 898 2082 948 fit,

284 955 404 1009 quod
436 956 625 1008 quatuor
656 954 907 995 sacerdotes
939 954 1098 1007 Lgr.na
1143 957 1339 1004 utuntur,
1374 954 1432 995 ib.
1465 955 1543 1003 68;
1592 957 1634 996 et
1666 955 1836 1005 iterum,
1880 956 2002 1008 quod
2031 958 2082 997 ut

283 1013 439 1065 Lgr.na
472 1011 650 1052 omnino
691 1011 958 1062 excludatur,
991 1025 1081 1053 non
1114 1013 1319 1054 callentes
1350 1012 1543 1064 linguam
1576 1012 1755 1053 latinam
1787 1013 1843 1054 ad
1877 1013 1921 1055 S.
1955 1013 2085 1055 Ordi-

282 1083 360 1111 nes
371 1083 461 1111 non
479 1069 780 1117 admittuntur3
800 1071 842 1110 et
863 1069 924 1111 ita
940 1070 1241 1111 tantum‘unus
1261 1070 1466 1123 glagolita
1484 1070 1527 1111 in
1541 1070 1733 1111 dioecesi
1756 1070 1910 1120 existit,
1923 1071 1980 1112 ib.
1993 1070 2086 1113 123.

422 1138 713 1191 Congregatio
747 1137 790 1179 S.
823 1138 1080 1193 Hieronymi
1115 1139 1408 1181 Slavonorum
1442 1139 1495 1180 de
1539 1139 1653 1181 Urbe
1685 1140 1862 1181 nomine
1895 1140 2106 1193 Illyricaev

282 1195 481 1238 Nationis
511 1196 746 1249 epigraphe
777 1197 1095 1238 monumentali
1129 1197 1172 1238 in
1207 1197 1358 1238 eadem
1395 1197 1576 1238 ecclesia
1623 1197 1779 1250 posita,
1814 1198 1870 1238 ob
1903 1197 2084 1239 immor-

284 1254 388 1296 talia
418 1253 632 1295 beneficia
662 1254 902 1307 praecipue
935 1255 991 1295 ob
1024 1255 1288 1296 revisionem
1321 1255 1532 1296 librorum
1565 1255 1866 1308 liturgicorum
1890 1255 2086 1303 Slavico-

282 1325 379 1353 rum
413 1313 455 1353 et
494 1311 817 1353 restitutionem
851 1311 1082 1354 Seminarii
1113 1313 1345 1354 Lauretani
1379 1312 1635 1353 Pontificem
1690 1313 1892 1362 celebrat,
1926 1313 1984 1354 ib.
2018 1314 2086 1355 74.
2148 1352 2150 1355 .
2181 1323 2196 1339 ⁴

425 1380 468 1422 S.
504 1380 642 1422 Sedes
673 1381 886 1423 relatione
929 1381 1125 1435 episcopi
1148 1382 1418 1424 Makarsken.
1445 1382 1777 1423 —Dunmensis
1824 1382 1983 1424 certior
2026 1382 2089 1433 fit,

286 1438 406 1491 quod
437 1438 482 1479 in
513 1438 705 1480 dioecesi
735 1439 919 1491 parochi
947 1440 1193 1481 saeculares
1227 1440 1458 1492 glagolitae
1504 1443 1618 1489 sunt,
1650 1440 1707 1480 ib.
1741 1441 1808 1482 75.

421 1496 623 1537 Pontifex
655 1496 873 1550 approbat
905 1499 946 1538 et
976 1498 1174 1550 publicat
1208 1497 1382 1539 Missale
1415 1497 1723 1550 Glagoliticum
1774 1497 2082 1540 Levakovicia-

283 1566 389 1595 num
418 1566 443 1596 a
475 1553 519 1595 S.
553 1553 903 1607 Congregatione
936 1555 991 1596 de
1022 1555 1154 1609 Prop.
1173 1555 1280 1597 Fide
1302 1556 1563 1609 impressum
1586 1556 1642 1597 ad
1660 1568 1787 1597 usum
1816 1556 2089 1598 Slavicarum

286 1611 591 1661 Ecclesiarum,
634 1612 691 1653 ib.
723 1613 791 1654 87.
2065 1642 2068 1649 1

425 1668 468 1710 S.
502 1669 793 1722 Congregatio
828 1670 1010 1712 Concilii
1042 1670 1254 1712 relatione
1287 1671 1482 1724 episcopi
1530 1671 1885 1724 Justinopolitani
1927 1671 2087 1713 certior

285 1726 344 1776 fit,
379 1727 499 1780 quod
531 1727 574 1768 in
606 1728 794 1769 dioecesi
824 1731 996 1781 praeter
1027 1729 1341 1771 Franciscanos
1375 1728 1696 1770 Conventuales
1726 1727 1787 1770 III
1809 1728 1997 1779 Ordinis,
2042 1729 2086 1770 in

287 1784 491 1826 omnibus
524 1785 774 1837 quindecim
806 1786 1027 1839 parochiis
1058 1788 1281 1828 curatores
1314 1786 1559 1828 animarum
1592 1786 1822 1839 glagolitae
1869 1788 1982 1835 sunt,
2025 1786 2086 1828 ib.

286 1842 363 1890 9ος
395 1842 554 1884 iterum
586 1842 816 1885 Seminarii
847 1843 1167 1886 institutionem
1201 1845 1495 1893 invocans,',ut
1513 1844 1715 1886 Manuale
1737 1844 1850 1886 Juris
1876 1843 2090 1886 Canonici

288 1899 455 1953 Illyrica
485 1900 633 1952 lingua
662 1914 742 1953 pro
775 1914 855 1942 suo
889 1902 1003 1942 clero
1039 1902 1350 1944 concinnatum
1372 1916 1398 1944 a
1420 1902 1463 1943 S.
1489 1901 1838 1955 Congregatione
1870 1902 1924 1943 de
1955 1902 2088 1955 Prop.

292 1957 399 1999 Fide
431 1957 719 2011 imprimatur,
754 1960 1016 2012 expostulat,
1049 1959 1106 2000 ib.
1142 1960 1235 2001 103.

426 2026 629 2068 Pontifex
661 2028 880 2069 decretum
907 2027 1091 2070 Concilii
1123 2029 1408 2070 Provincialis
1439 2028 1748 2082 Tyrnoviensis
1781 2028 1833 2070 de
1865 2027 2097 2075 abolendo

291 2084 395 2125 Ritu
428 2084 637 2126 ecclesiae
670 2086 974 2137 Zagrabiensis
1006 2087 1248 2136 confirmat,
1282 2086 1340 2128 ib.
1383 2087 1450 2128 98.

426 2141 628 2182 Pontifex
657 2142 833 2184 Rituale
863 2144 1115 2185 Romanum
1151 2144 1362 2197 „proprio
1396 2145 1542 2188 Motu“
1577 2143 1803 2196 pontificio
1835 2157 1862 2185 a
1901 2143 2088 2185 Bartho-

290 2197 462 2240 lomaeo
494 2198 622 2240 Kasic'
655 2199 697 2240 S.
730 2200 763 2241 J.
798 2201 840 2241 in
870 2201 1063 2254 linguam
1098 2202 1331 2243 croaticam
1367 2214 1626 2243 conversum
1644 2201 1726 2242 sibi
1759 2201 1953 2243 dedicari
1971 2201 2086 2251 sinit,

292 2258 334 2297 et
364 2268 390 2298 a
421 2256 464 2298 S.
498 2255 847 2309 Congregatione
879 2259 933 2300 de
965 2259 1096 2312 Prop.
1130 2260 1237 2301 Fide
1267 2259 1433 2312 vulgari
1479 2259 1613 2307 iubet,
1655 2259 1712 2300 ih.
1748 2259 1828 2300 109
1871 2260 1921 2300 et·
1942 2272 1984 2312 p.
2019 2259 2088 2300 82.

431 2324 473 2366 S.
504 2324 640 2367 Sedes
672 2326 882 2368 relatione
914 2328 1233 2381 archiepiscopi
1278 2329 1491 2381 Ragusini
1515 2328 1672 2369 certior
1701 2328 1760 2377 fit,
1795 2327 1916 2381 quod
1948 2340 2092 2369 sacer-

294 2382 472 2424 dotibus
504 2383 718 2435 glagolitis
753 2384 932 2438 Collegii
963 2385 1266 2427 Tribuniensis
1317 2386 1499 2438 Ragnsii
1531 2386 1871 2427 celebrationem
1908 2385 2092 2438 Lgr.nae

290 2440 590 2494 prohibuerat,
623 2440 681 2482 ib.
716 2442 808 2484 120.

987 2534 1303 2579 Innocentius
1334 2535 1391 2579 X.

430 2624 808 2668 Reformationem
839 2627 1048 2669 Breviarii
1091 2628 1333 2681 Glagolitici
1381 2626 1894 2670 Levakovic-Trleckiani
1927 2639 2090 2680 appro-

257 2701 265 2711 ·
296 2682 419 2732 bans,
453 2683 510 2725 ad
541 2696 668 2725 usum
700 2684 964 2738 Illyricarum
996 2686 1202 2738 gentium,
1237 2699 1349 2739 quae
1395 2687 1523 2738 longe
1554 2686 1729 2739 lateque
1760 2698 1838 2737 per
1869 2685 2092 2737 Europam

298 2740 482 2782 diffusae
513 2744 626 2791 sunt,
659 2741 802 2795 ipsum
836 2743 1065 2785 confirmat
1088 2746 1129 2784 et
1160 2743 1271 2797 typis
1305 2743 1346 2785 S.
1370 2743 1733 2796 Congregationis
1756 2743 1810 2783 de
1831 2742 1963 2795 Prop.
1986 2742 2093 2784 Fide

297 2798 498 2840 mandari
522 2799 660 2852 jubet,
694 2799 821 2849 XVII,
858 2802 950 2842 130.
1395 2822 1401 2828 ·

357 2912 368 2953 l
428 2855 804 2956 tS3ffmligiiegatio
837 2858 891 2899 de
921 2858 1052 2912 Prop.
1084 2858 1191 2900 Fide
1222 2858 1392 2900 Missale
1411 2858 1903 2912 Glagolito-Romanum
1935 2856 2092 2897 iterum
2114 2835 2125 2839 „

297 2925 352 2953 vu
373 2925 425 2965 ga
448 2944 456 2962 ,
490 2927 501 2954 1
540 2946 548 2955 .
669 2947 678 2956 .

438 2981 481 3023 S.
531 2983 821 3036 Congregatio
865 2983 1046 3026 Concilii
1077 2985 1288 3026 relatione
1335 2984 1528 3039 episcopi
1570 2984 1792 3026 Parentini
1834 2983 1992 3024 certior
2030 2981 2092 3031 fit,

299 3038 420 3091 quod
451 3039 495 3080 in
526 3040 746 3093 aliquibus
776 3042 997 3094 parochiis
1027 3043 1184 3095 Lgr.na
1217 3043 1364 3084 divina
1387 3043 1674 3092 celebrantur,
1706 3042 1762 3082 ib.
1797 3040 1892 3081 128.
1925 3039 2091 3080 Eadem

299 3095 342 3136 S.
377 3095 666 3150 Congregatio
698 3099 909 3141 relatione
933 3100 1127 3156 episcopi
1149 3100 1390 3153 Tergestini
1410 3101 1568 3142 certior
1599 3100 1657 3149 fit,
1682 3099 1800 3154 quod
1819 3110 1894 3138 sex
1910 3097 2092 3151 parochi

301 3153 533 3209 glagolitae
564 3158 678 3209 sunt,
710 3156 767 3200 ib.
795 3157 887 3203 141.
