2243 3444
383 118 426 149 42
1062 113 1247 147 Fontes
1283 111 1535 155 liturgiae

384 259 642 300 Generalem
677 261 968 299 restitueretur
1001 260 1040 298 in
1075 259 1300 310 pristinum
1345 255 1585 296 officiatura
1618 258 1659 295 in
1692 262 1838 296 nostra
1860 256 2097 296 Parochiali
2131 256 2241 300 E

384 320 513 359 clesia
546 320 691 359 illirice
726 327 869 358 nostra
903 325 1094 358 materna
1127 318 1283 369 lingua.
1316 323 1358 355 et
1386 328 1486 354 cum
1521 328 1675 355 omnes
1708 316 1755 355 R.
1779 315 1831 355 D.
1854 314 2130 366 Sacerdotes,
2161 305 2228 375 ⁵²¹

383 379 565 418 libenter
597 378 785 418 facturos
818 377 1090 425 obtulissent,
1122 376 1241 416 solus
1263 375 1314 414 D.
1347 373 1695 414 Archidiaconus
1717 387 1763 414 se
1796 384 2052 415 excusasset
2083 387 2194 426 sup
2224 378 2228 425 Ι

381 437 466 477 hoc
499 439 676 490 negotio
710 449 797 476 non
831 448 962 488 posse
983 436 1294 475 resolutionem
1317 433 1470 482 facere,
1502 435 1670 486 absque
1701 435 1825 482 scitu,
1846 440 1890 473 et
1921 434 2092 474 licentia
2121 435 2198 474 eiu
2224 429 2241 496 [ἶ

383 498 627 548 superioris,
660 496 810 535 dicens
842 496 921 534 sibi
965 495 1054 534 dari
1087 495 1319 533 terminum
1352 492 1408 532 ad
1459 492 1702 531 faciendam
1736 493 2064 542 resolutionem,
2113 505 2166 533 na
2226 500 2228 516 ¹

384 563 425 594 et
457 557 550 606 ipse
583 557 672 595 uoti
706 554 1039 595 Communitatis
1073 558 1342 604 compartem
1391 564 1488 592 esse
1521 564 1568 592 se
1601 551 1770 599 obtulit,
1802 559 1844 592 et
1876 552 1988 592 velle
2021 553 2200 592 scriber
2238 595 2240 599 y

383 614 430 654 R.
463 614 635 654 Vicario
669 613 883 660 Generali‚
934 620 979 652 ut
1011 613 1137 652 detur
1178 611 1413 651 satisfactio
1466 611 1686 662 praedicta
1736 611 1834 650 huic
1885 609 2184 652 Communitat
2226 644 2229 658 =

385 673 461 712 fuit
493 680 680 726 rogatus,
713 672 833 725 quod
868 674 909 711 in
942 673 1127 711 termino
1161 677 1264 710 octo
1296 670 1363 709 vel
1398 670 1554 709 decem
1588 670 1755 709 dierum
1792 670 1953 710 dictam
1987 671 2186 710 resoluti
2240 678 2243 705 Δ

386 745 484 772 nem
518 732 619 772 dare
653 732 792 779 vellet,
830 738 959 782 prout
1010 731 1155 769 dictus
1190 730 1236 769 R.
1278 728 1629 769 Archidiaconus
1662 730 1860 780 promisit
1892 742 1938 769 se
1989 729 2156 769 facturu

523 812 724 846 Archivum
752 811 982 845 Historicum
1010 810 1299 845 Communitatis
1324 810 1505 843 Fluminis
1533 810 1566 842 in
1594 809 1735 843 Palatio
1763 809 1988 853 Municipali.
2015 810 2100 844 Mss.
2121 811 2189 844 Pr·

386 860 563 893 tocollum
592 858 809 902 Capitanale
835 859 872 892 B.
901 860 1143 896 1593—1607‚
1173 857 1195 890 f.
1222 860 1242 892 5
1269 869 1301 891 V.
1330 859 1361 891 6.
1389 857 1600 891 Commune
1627 857 1807 890 Fluminis
1845 858 1917 891 iam
1944 862 2055 892 antea
2081 868 2102 891 a
2126 868 2188 900 pr·
2228 888 2241 901 Ἴ,

383 907 544 941 cedendi
571 907 687 940 modo
714 907 882 948 episcopi
918 905 1062 940 Claudii
1089 905 1289 939 Sozomeni
1316 909 1521 949 gravatum,
1548 914 1713 948 sequens
1739 904 1936 939 decretum
1975 904 2197 939 condidera
2227 911 2232 968 Ι

387 954 476 988 >Die
503 954 628 988 Martis
659 955 697 987 16
725 953 844 997 Martij
876 955 976 993 1593,
1004 953 1039 985 in
1067 952 1152 987 Sala
1179 952 1303 996 Palatij
1333 952 1553 986 Communis
1576 952 1755 985 Fluminis
1782 951 2023 996 Congregato
2044 952 2196 999 Consili
2228 970 2232 1007 Ι

384 1002 528 1035 minore
555 1006 592 1035 et
618 1002 757 1034 maiore
785 1010 889 1033 more
916 1000 1028 1033 solito
1055 1000 1101 1034 ad
1128 1009 1263 1033 sonum
1291 1009 1496 1042 campanae
1523 1019 1565 1023 —
1594 1019 1635 1022 —
1663 998 1728 1042 Sp.
1756 999 1801 1033 D.
1827 1000 2050 1034 Franciscus
2084 999 2197 1033 Vesl
2229 1015 2233 1026 ·

385 1049 461 1082 rich
483 1049 604 1094 Judex
630 1049 838 1091 proposuit,
855 1047 958 1091 quod
985 1058 1070 1081 curn
1099 1048 1311 1090 Episcopus
1336 1047 1506 1080 Polensis
1526 1047 1595 1080 sub
1617 1047 1725 1091 cujus
1745 1046 1899 1081 Diocesi
1919 1053 2060 1088 sumus,
2082 1057 2196 1091 quer
2228 1028 2233 1085 ξ

384 1096 419 1129 in
445 1096 525 1130 dies
551 1095 818 1139 praeiudicare,
847 1099 884 1128 et
898 1094 1161 1138 praeiuditium
1187 1094 1282 1128 afert
1307 1094 1605 1128 immunitatibus
1626 1093 1925 1135 Communitatis,
1953 1099 1992 1128 et
2017 1094 2204 1130 Ecclesia
2228 1089 2242 1144 Ι

384 1148 546 1184 nostrae,
573 1144 659 1187 quia
685 1142 867 1176 benecfiia
893 1141 940 1175 ad
965 1142 1110 1176 libitum
1137 1142 1356 1185 dispensare
1382 1141 1461 1176 vult
1490 1161 1530 1165 —
1559 1161 1601 1167 —
1630 1161 1672 1165 —
1699 1146 1904 1185 propterea
1929 1142 2130 1186 proposuit
2163 1152 2200 1176 a

384 1191 431 1223 sit
456 1190 742 1234 supplicandum
769 1189 870 1233 apud
897 1189 932 1223 S.
961 1189 996 1223 S.
1023 1189 1287 1225 Archiducem.
1315 1194 1355 1222 ut
1381 1199 1450 1222 nos
1478 1188 1682 1233 (s)ubijciat
1719 1189 1829 1223 alicui
1878 1189 2082 1233 Episcopo,
2129 1189 2168 1232 *ei

384 1242 514 1278 status,
542 1248 610 1271 nec
636 1237 829 1280 permittat
855 1237 1037 1270 dominari
1064 1248 1086 1271 a
1111 1236 1146 1270 d.
1173 1236 1332 1277 Polensi,
1361 1247 1444 1270 cum
1502 1237 1549 1270 sit
1591 1236 1764 1270 subditus
1805 1237 2063 1278 Venetiarum;
2102 1247 2190 1280 sup
2230 1246 2233 1258 ³

386 1295 459 1328 qua
484 1285 679 1328 proposita
693 1284 789 1318 datis
815 1283 1004 1329 suffragijs
1024 1283 1092 1318 fuit
1119 1284 1317 1318 obtentum
1351 1294 1418 1327 per
1443 1284 1600 1317 ballotas
1628 1286 1670 1317 33
1692 1283 1928 1325 fauorabsses,
1951 1283 2055 1328 quod
2075 1283 2192 1328 suppl·

385 1337 491 1366 cetur
516 1337 629 1376 prout
654 1332 698 1365 D.
723 1332 843 1376 Judex
870 1332 1078 1375 proposuit,
1106 1330 1307 1365 contrafuit
1334 1342 1428 1365 una«
1458 1331 1498 1364 L.
1526 1341 1556 1364 c.
1586 1331 1607 1364 f.
1639 1334 1670 1365 3.

939 1467 1034 1503 162.
1067 1476 1187 1516 1593,
1219 1476 1271 1503 10
1302 1462 1428 1515 Masi,
1460 1463 1658 1503 Petenen.

528 1560 744 1613 Georgius
777 1559 1032 1612 Reitgartler
1065 1560 1300 1610 episcopus
1333 1559 1587 1598 Petenensis
1622 1560 1664 1598 in
1698 1559 1905 1599 relatione
1948 1559 2202 1602 Visitation

386 1631 440 1672 ad
474 1630 642 1671 Limina
686 1629 728 1671 S.
770 1629 1167 1683 congregationem
1215 1629 1396 1670 Concilii
1431 1630 1486 1670 de
1532 1636 1642 1670 statu
1688 1630 1947 1671 dioeceseos
1986 1632 2170 1671 certiore

387 1702 587 1751 reddens,
619 1701 763 1742 refert:

2230 1363 2235 1439 ἐ

2231 1563 2235 1598 Ι

2231 1619 2235 1655 Ι

532 1774 603 1813 »In
635 1775 727 1825 ipsa
759 1773 964 1822 dioecesi,
985 1779 1030 1812 ut
1050 1773 1284 1824 plurimum
1318 1779 1418 1813 sunt
1450 1772 1701 1813 sacerdotes
1733 1773 1901 1825 Illyrici,
1921 1786 2042 1814 sacra
2061 1773 2200 1814 eaden·
2231 1665 2236 1799 Ι

388 1846 564 1885 quoque
596 1833 742 1885 lingua
782 1839 824 1872 et
855 1832 1050 1872 officium
1093 1832 1374 1880 celebrantes,
1415 1832 1587 1885 linguae
1632 1831 1811 1873 Latinae
1852 1846 2029 1885 prorsus
2071 1835 2198 1886 igna

387 1892 617 1944 nullosque
661 1892 792 1932 libros
837 1891 925 1931 fere
972 1898 1140 1943 praeter
1184 1891 1447 1931 Breviarium
1493 1899 1535 1931 et
1575 1891 1750 1932 Missale
1793 1892 2016 1933 habentes.
2065 1891 2128 1932 Ea
2160 1892 2189 1932 d

389 1964 517 1991 causa
548 1951 744 2003 indigent
775 1951 905 2000 libris,
938 1951 1132 1990 maximo
1157 1963 1309 1990 eorum
1343 1951 1537 2002 periculo
1571 1964 1672 1990 cura
1703 1952 1944 1991 animarum
1977 1957 2156 1992 exercet
2196 1980 2199 1984 -

388 2009 687 2050 Admittuntur
707 2017 853 2049 autem
875 2010 930 2050 ad
959 2011 1197 2049 animarum
1233 2022 1379 2049 curam
1413 2012 1605 2049 maxima
1637 2011 1895 2051 necessitate
1929 2013 2010 2062 ipsi
2042 2010 2199 2063 praela-

389 2082 519 2121 quam
553 2070 804 2120 saepissime
839 2068 1092 2120 compulsi.‹
2233 2119 2237 2179 Ι

528 2150 795 2183 Authenticum
822 2149 858 2182 in
891 2149 1053 2183 Archivo
1080 2149 1114 2183 S.
1143 2149 1279 2195 Congr.
1303 2149 1458 2184 Concilii
1485 2150 1519 2182 in
1535 2150 1734 2185 Tabulario
1749 2150 1950 2193 Vaticano;
1963 2151 2072 2195 juxta
2088 2161 2195 2185 exc

390 2201 495 2239 ptum
524 2196 782 2231 Crncicianum
811 2197 895 2230 anni
922 2199 1024 2230 1892.

863 2320 955 2368 163.
989 2324 1111 2369 1593,
1144 2330 1194 2368 13
1226 2317 1352 2370 Majz',
1384 2317 1584 2358 Flumine
1615 2318 1757 2358 Polen.

533 2410 778 2452 Commune
810 2412 1090 2453 Fluminense
1123 2412 1322 2464 Capitulo
1357 2412 1598 2466 Collegiato
1632 2414 1843 2454 ecclesiae
1870 2410 2132 2466 parochialis
2182 2418 2193 2440 '²-

391 2483 548 2522 Mariae
570 2482 791 2530 Fluminis,
825 2496 877 2523 eo
912 2484 1032 2535 quod
1066 2486 1185 2524 iussu
1218 2483 1412 2524 Polensis
1446 2486 1643 2536 episcopi
1676 2484 1843 2526 Claudii
1887 2485 2123 2526 Sozomeni
2169 2484 2193 2521 ,’

392 2566 470 2593 usu
516 2555 815 2605 antiquissimo
850 2554 1065 2607 Liturgiae
1117 2554 1584 2608 Glagolito-Romanae
1617 2564 1830 2596 cessasset
1863 2554 1965 2610 (Cfr.
2017 2556 2069 2597 N.
2104 2557 2188 2598 16

392 2625 730 2663 subtractionem
763 2625 1161 2665 emolumentorum
1195 2626 1472 2675 urbanorum,
1504 2628 1583 2666 nisi
1627 2627 1842 2680 liturgiam
1886 2626 2187 2681 Glagolito-R

394 2707 563 2734 manam
598 2696 949 2746 raepristinasset‚
983 2698 1177 2736 minatur.

534 2775 678 2809 Textus
705 2776 845 2809 decreti
891 2777 938 2809 ob
978 2778 1227 2811 cassationem
1254 2780 1274 2813 9
1301 2778 1438 2822 Aprilis
1472 2780 1561 2813 1594
1588 2778 1736 2813 deletus
1763 2783 1836 2822 est3
1866 2778 1940 2814 Cfr.
1968 2778 2062 2813 infra
2081 2779 2123 2814 N.
2151 2781 2187 2812 1

818 2935 915 2985 164.
948 2942 1070 2985 1593,
1102 2936 1165 2972 26
1194 2933 1388 2985 Augusti,
1420 2933 1619 2975 Flumine
1651 2935 1790 2975 Pelen.

534 3025 679 3077 Quum
714 3026 907 3067 Polensis
941 3029 1174 3080 episcopus
1207 3028 1412 3069 Claudius
1434 3028 1684 3070 Sozomeno
1706 3030 1929 3070 decretum
1958 3028 2178 3070 Commun
