2243 3444
381 315 444 348 172
951 310 1462 351 FontesLiturgiae

330 457 416 507 puli
461 457 587 496 officii
635 468 727 496 esse
775 455 1141 494 conservationem
1189 453 1382 493 eiusdem
1429 466 1595 502 curare3
1655 454 1954 505 populumque
1996 455 2098 494 nihil

330 530 426 568 novi
464 529 645 577 exigere,
687 528 762 565 nisi
798 531 839 564 ut
873 526 1047 575 pacifica
1080 525 1218 564 fruitio
1255 525 1437 564 diuturni
1472 526 1677 575 privilegii
1714 525 1765 564 ab
1801 526 2003 566 omnibus
2035 538 2098 566 re-

331 604 561 649 spectetur:
599 610 726 646 quare
762 599 1035 636 interventum
1071 596 1263 635 eiusdem
1299 597 1652 644 Locumtenentis,
1687 597 1800 636 testis
1835 596 1888 636 de
1920 598 2010 636 visu
2046 597 2098 637 de

329 671 508 717 assertis,
544 681 685 708 coram
722 669 911 706 Ministro
937 665 1085 707 Cultus
1107 672 1145 706 et
1168 668 1453 707 Instructionis
1488 668 1665 715 invocat,
1701 672 1743 706 ut
1780 669 1922 708 omnia
1957 669 2099 708 obsta-

329 741 421 779 cula
458 741 549 779 usui
584 738 773 789 liturgiae
809 737 1265 788 Glagolito-Romanae
1300 742 1607 780 removeantur.

471 820 717 861 Memoriale
764 824 900 860 autem
942 821 1220 861 demonstrat:
1274 824 1306 861 l.
1344 822 1567 872 Liturgiam
1603 822 2097 872 Glagolito-Romanam

328 905 403 943 per
433 894 581 931 decem
618 891 784 932 saecula
818 894 1088 942 ininterrupte
1126 894 1165 931 in
1199 894 1391 932 universa
1416 893 1619 932 Dalmatia
1640 893 1803 943 vigere;
1839 894 1877 933 2.
1912 893 2098 933 Eandem

327 962 532 1012 liturgiam
569 965 728 1013 puritati
764 964 861 1002 fidei
888 968 925 1002 et
950 964 1165 1002 devotioni
1191 962 1339 1014 populi
1363 976 1578 1014 nunquam
1603 965 1806 1012 obfuisse,
1842 965 1942 1014 quin
1966 966 2096 1004 immo

326 1036 494 1082 favisse;
544 1036 579 1073 3.
618 1035 803 1074 Eandem
850 1033 1059 1085 liturgiam
1106 1035 1157 1074 ab
1205 1037 1409 1074 extraneis
1445 1034 1626 1086 politicis
1672 1036 1724 1074 de
1770 1036 1908 1074 causis
1940 1039 2096 1074 tantum

327 1110 639 1155 oppugnatam,
687 1104 909 1145 calumniis
943 1106 1154 1154 adhibitis,
1196 1107 1347 1154 fuisse3
1395 1109 1432 1146 4.
1469 1107 1685 1148 Romanos
1732 1106 1959 1151 Pontifices
2004 1118 2095 1146 eam

326 1188 496 1226 semper
531 1177 773 1216 defendisse
809 1182 847 1216 et
880 1178 1055 1224 fovisse3
1092 1191 1128 1217 c).
1167 1178 1388 1227 Liturgiam
1415 1176 1890 1227 Glagolito-Romanam
1912 1181 2095 1217 tutamen

465 1305 581 1338 Etiam
610 1305 677 1339 alla
705 1305 794 1339 ratio
824 1305 889 1346 est,
930 1304 978 1339 ob
1007 1315 1118 1348 quam
1145 1305 1181 1338 in
1209 1305 1332 1339 studia
1364 1305 1588 1349 reipublicae
1621 1306 1768 1340 inimica
1796 1307 1944 1348 gravius
1971 1305 2092 1341 Nobis

327 1352 699 1386 animadvertendum
740 1362 822 1386 esse
860 1354 1053 1395 putamus:
1095 1352 1389 1387 emolumentum
1430 1353 1612 1395 videlicet,
1653 1353 1756 1397 quod
1797 1364 1842 1388 ex
1881 1353 2095 1388 obedientia

325 1409 410 1441 erga
439 1400 646 1443 Principem
674 1400 839 1434 Ecclesia
874 1401 908 1434 et
935 1399 1061 1442 religio
1105 1400 1287 1434 catholica
1326 1401 1361 1433 in
1401 1400 1509 1434 nobis
1550 1401 1659 1444 capit.
1704 1400 1956 1444 Temporibus
1983 1402 2094 1444 enim,

325 1446 459 1490 quibus
481 1447 536 1481 vel
564 1449 598 1481 in
628 1448 762 1489 regnis,
790 1457 884 1491 quae
904 1448 1043 1481 maiore
1064 1446 1346 1481 Catholicorum
1368 1458 1523 1482 numero
1544 1447 1728 1490 constant,
1755 1447 1944 1482 Ecclesiae
1964 1448 2094 1483 catho-

323 1494 413 1528 licae
441 1495 600 1529 maxima
628 1494 822 1528 obstacula
850 1494 1061 1528 obiciuntur
1081 1496 1115 1528 et
1135 1495 1370 1529 sanctissima
1398 1496 1477 1529 eius
1503 1496 1581 1530 iura
1608 1495 1802 1538 violantur,
1823 1496 1958 1540 quibus
1985 1496 2094 1531 etiam

326 1542 513 1584 principes
534 1543 594 1586 qui
624 1543 774 1577 nomine
801 1542 984 1576 catholico
1018 1542 1183 1584 audiunt,
1208 1553 1283 1576 non
1303 1545 1476 1577 verentur
1494 1545 1629 1586 partes,
1658 1553 1753 1587 quae
1772 1543 1889 1578 solius
1908 1543 2095 1578 Ecclesiae

324 1592 427 1630 sunt,
456 1589 523 1623 sibi
552 1590 731 1633 arripere,
771 1589 905 1633 quibus
945 1590 981 1623 in
1022 1589 1198 1624 omnibus
1232 1590 1421 1624 societatis
1459 1590 1636 1632 gradibus
1663 1600 1799 1625 sensus
1826 1590 2031 1625 catholicus
2057 1591 2093 1625 in

324 1636 403 1670 dies
430 1637 548 1678 magis
577 1637 732 1680 deperit,
760 1638 822 1681 qui
851 1638 990 1680 sperari
1017 1638 1153 1680 poterit
1185 1638 1219 1671 in
1257 1638 1392 1679 regnis,
1433 1648 1592 1682 quorum
1633 1639 1794 1672 maxima
1832 1638 1967 1672 civium
2006 1648 2093 1682 pars

323 1683 528 1718 acatholica
567 1687 633 1726 est,
671 1685 877 1728 principem
907 1684 1180 1719 ecclesiasticae
1220 1695 1285 1719 seu
1326 1685 1688 1729 caesaropapisticae
1714 1685 1911 1729 potestatis
1939 1685 2095 1720 libenter

323 1731 496 1765 iacturam
526 1742 724 1775 passurum
747 1742 840 1773 esse,
869 1734 908 1766 ut
934 1742 1071 1775 parvae
1091 1733 1225 1766 civium
1247 1732 1515 1767 catholicorum
1535 1734 1661 1766 manui
1681 1743 1887 1777 eorumque
1906 1732 2093 1768 Ecclesiae

323 1779 474 1820 gratiam
519 1779 713 1814 exhibeat?
756 1779 920 1814 Historia
959 1779 1084 1813 talium
1127 1790 1326 1821 regnorum
1364 1783 1420 1814 sat
1447 1780 1556 1814 nobis
1584 1780 1738 1814 testatur
1764 1780 1811 1814 ad
1840 1781 2094 1815 recentissima

323 1836 441 1869 usque
470 1833 639 1869 tempora
667 1827 891 1861 contrarium
921 1828 1103 1868 evenisse,
1131 1827 1181 1861 ita
1207 1833 1246 1861 ut
1273 1828 1307 1861 in
1336 1827 1484 1870 plenam
1513 1827 1700 1870 religionis
1722 1828 1923 1871 perniciem
1945 1828 2094 1863 cederet

325 1893 363 1895 —
393 1884 434 1907 ac
463 1873 632 1916 profecto
665 1873 881 1914 „Slovenski
909 1874 1058 1908 Narod“
1099 1880 1133 1908 et
1169 1874 1260 1909 aliae
1301 1875 1379 1909 eius
1420 1876 1565 1917 generis
1602 1875 1862 1919 ephemerides
1897 1875 2092 1910 ecclesiam

323 1920 618 1956 schismasticam
653 1924 691 1955 ut
725 1923 891 1956 omnium
927 1921 1121 1956 Slavorum
1161 1921 1320 1956 futuram
1348 1923 1420 1956 iam
1447 1922 1662 1966 praedicare
1690 1933 1766 1956 non
1794 1922 2021 1957 erubuerunt
2050 1943 2090 1946 -—

321 1968 349 2001 si
378 1968 542 2011 popolus
562 1969 776 2006 ,catholicus
803 1969 992 2004 affinitatis
1019 1972 1160 2004 tantum
1189 1969 1385 2004 nationalis
1413 1970 1538 2012 gratia,
1577 1980 1597 2003 a
1633 1969 1859 2011 nationibus,
1896 1969 1980 2004 licet
2016 1981 2091 2004 non

320 2025 456 2058 genere
484 2017 717 2061 propinquis,
744 2016 818 2051 fide
845 2019 968 2051 tamen
997 2016 1199 2059 catholicis,
1228 2017 1371 2059 seiungi
1399 2017 1517 2058 vellet,
1545 2020 1584 2051 ut
1611 2027 1695 2051 cum
1724 2017 1802 2052 aliis
1821 2028 1842 2051 a
1859 2016 1934 2052 fide
1962 2018 2090 2052 catho-

320 2062 387 2096 lica
408 2073 482 2096 non
503 2066 643 2097 tantum
673 2063 812 2106 alienis,
840 2074 968 2098 verum
997 2064 1117 2098 eidem
1139 2065 1246 2098 etiam
1275 2064 1546 2106 infensissimis,
1574 2065 1791 2099 societatem
1818 2065 1928 2099 ineat.
1957 2065 2091 2107 (Num-

321 2110 409 2153 quid
437 2121 513 2144 non
541 2111 756 2155 ignominia.
785 2122 858 2155 qua
883 2112 917 2145 in
949 2111 1167 2152 „Slovenski
1194 2112 1343 2146 Narodss
1375 2111 1569 2147 Summum
1593 2111 1811 2146 Pontificem
1829 2113 1958 2156 impeti
1977 2122 2092 2156 supra

319 2159 621 2200 memoravimus,
662 2169 705 2193 ex
744 2159 804 2192 illo
845 2159 934 2193 odio
974 2159 1178 2202 repetenda
1205 2162 1297 2200 estP)
1341 2179 1380 2182 —
1421 2159 1664 2201 Evangelium
1703 2159 1785 2194 Iesu
1814 2159 1951 2194 Christi
1978 2159 2090 2202 longe

322 2203 431 2238 alium
452 2206 750 2249 propinquorum
771 2216 937 2240 amorem
960 2206 1070 2241 nobis
1090 2207 1331 2240 commendat
1353 2206 1534 2251 aliamque
1561 2207 1682 2248 unius,
1711 2207 1814 2250 quod
1838 2208 2090 2242 necessarium

321 2252 376 2286 sit.
406 2262 543 2294 curam,
571 2254 824 2296 praecipiens:
868 2253 966 2298 „Qui
1003 2256 1102 2288 amat
1141 2257 1281 2297 patrem
1311 2256 1374 2288 aut
1400 2257 1552 2288 matrem
1582 2254 1665 2297 plus
1694 2264 1804 2298 quam
1832 2264 1903 2296 me,
1931 2265 2007 2288 non
2035 2258 2090 2289 est

319 2309 378 2332 me
407 2299 558 2341 dignus:
599 2302 633 2334 et
674 2301 734 2343 qui
775 2303 872 2334 amat
899 2300 1009 2334 filiam
1038 2311 1150 2345 super
1189 2312 1259 2343 me,
1299 2312 1376 2336 non
1404 2303 1459 2336 est
1487 2312 1545 2335 me
1574 2302 1742 2343 dignus“
1772 2300 1919 2343 (Matth.
1946 2301 1990 2337 X.
2015 2303 2088 2345 37.)

322 2346 386 2387 ,Et
413 2347 442 2380 si
470 2346 712 2382 salutaveritis
741 2347 869 2382 fratres
896 2350 1041 2382 vestros
1069 2351 1227 2390 tantum,
1257 2349 1345 2393 quid
1374 2349 1532 2392 amplius
1558 2348 1697 2383 facitis?
1738 2359 1864 2383 nonne
1891 2351 1926 2384 et
1955 2349 2090 2384 ethnici

320 2393 390 2426 hoc
418 2393 599 2429 faciunt?“
630 2395 698 2436 (Ibi
737 2394 778 2429 V.
806 2396 878 2436 47.)

460 2441 630 2476 Tandem
670 2442 854 2476 eiusmodi
895 2442 1016 2476 studia
1054 2452 1229 2485 perversa
1270 2443 1445 2478 damnare
1484 2443 1586 2478 iubet
1612 2443 1693 2477 Nos
1721 2443 1829 2477 etiam
1857 2442 1986 2487 pietas,
2015 2454 2086 2488 qua

320 2497 405 2528 erga
433 2488 712 2530 glorisissimam
739 2489 958 2533 Dynastiam
986 2491 1218 2531 austriacam,
1245 2500 1286 2524 ac
1315 2491 1532 2534 praeprimis
1561 2500 1647 2532 erga
1674 2491 1980 2532 augustissimum
2008 2493 2086 2526 eius

319 2534 540 2579 Principem,
580 2536 847 2578 gloriosissime
886 2539 1101 2578 regnantem
1140 2537 1407 2580 Imperatorum
1436 2548 1477 2571 ac
1506 2538 1708 2572 Dominum
1749 2540 1918 2572 nostrum
1958 2538 2086 2582 repleti

319 2591 459 2617 sumus.
487 2583 660 2618 Profecto
689 2594 798 2628 quem
827 2587 995 2618 nostrum
1023 2583 1109 2619 latet
1132 2585 1166 2618 in
1187 2585 1345 2626 Austria,
1372 2586 1401 2619 si
1428 2584 1594 2619 Ecclesia
1621 2585 1803 2619 catholica
1829 2585 1952 2619 adhuc
1973 2587 2085 2620 vitam

319 2630 402 2670 agit,
430 2633 517 2672 post
544 2631 665 2665 Deum
694 2632 853 2666 maxime
881 2631 1053 2673 gloriosis
1074 2632 1211 2666 domus
1238 2632 1508 2674 habsburgicae
1536 2631 1770 2675 Principibus
1797 2633 1886 2666 tanti
1913 2631 2084 2668 beneficii

319 2677 452 2716 gratias
481 2677 693 2713 referendas
721 2689 804 2713 esse
831 2680 942 2723 atque
969 2680 1106 2713 nostris
1133 2680 1241 2713 etiam
1277 2679 1409 2714 diebus
1448 2680 1702 2723 augustissimi
1738 2679 1973 2722 Imperatoris
2000 2690 2084 2724 gra-

319 2723 389 2757 tiae
417 2724 554 2765 deberi,
583 2725 684 2769 quod
715 2727 883 2769 quamvis
923 2728 1093 2769 tempora
1126 2727 1252 2770 iniqua
1279 2727 1362 2766 sint,
1396 2726 1636 2760 n³hilominus
1662 2726 1852 2761 Ecclesiae
1880 2726 2086 2762 catholicae

319 2772 373 2803 tot
399 2770 509 2805 bonis
536 2773 571 2805 in
600 2773 710 2807 nobis
737 2773 805 2807 frui
832 2773 927 2814 licet,
957 2773 1137 2817 quodque
1164 2776 1218 2807 tot
1237 2774 1331 2808 mala
1351 2773 1396 2808 ab
1417 2784 1459 2808 ea
1478 2776 1649 2808 arcentur
1667 2773 1724 2807 vel
1745 2773 1874 2808 saltem
1893 2773 2084 2809 levantur?

320 2815 420 2851 Sicut
448 2828 536 2860 ergo
566 2822 691 2861 gratus
731 2822 876 2854 animus
915 2820 1017 2855 iubet
1055 2831 1125 2855 nos
1165 2820 1332 2864 quotidie
1360 2821 1564 2855 Dominum
1604 2821 1831 2854 exercituum
1872 2823 1907 2855 et
1945 2821 2085 2863 Regem

319 2874 444 2905 regum
475 2866 683 2909 obsecrare,
712 2869 750 2902 ut
776 2867 940 2901 nobilem
969 2867 1067 2901 illum
1097 2878 1138 2901 ac
1167 2870 1358 2902 strenuum
1387 2871 1422 2902 et
1448 2869 1550 2912 pium
1579 2878 1729 2902 sensum
1757 2869 1792 2902 in
1821 2869 2085 2910 augustissima

318 2911 555 2954 Imperatoris
594 2913 729 2948 familia
768 2915 883 2958 gratia
923 2924 989 2948 sua
1027 2914 1152 2949 foveat
1191 2925 1232 2949 ac
1270 2914 1402 2957 firmet,
1442 2925 1517 2959 quo
1557 2915 1722 2949 Ecclesia
1758 2915 1950 2957 catholica,
1990 2925 2085 2959 quae

318 2957 570 2994 firmissimum
611 2961 839 2996 diversarum
868 2962 1038 2996 Austriae
1077 2963 1270 2996 nationum
1310 2962 1355 2996 ad
1391 2973 1501 2996 unam
1541 2963 1759 2997 societatem
1795 2962 2084 2996 coalescentium

317 3006 504 3040 vinculum
532 3011 598 3049 est,
625 3009 660 3042 in
688 3009 820 3043 animis
847 3009 1081 3043 subditorum
1123 3009 1270 3044 altiores
1297 3009 1332 3043 in
1362 3010 1441 3044 dies
1468 3009 1612 3044 radices
1651 3010 1788 3049 mittat;
1827 3010 1877 3043 ita
1915 3009 2082 3044 eiusdem

318 3054 551 3095 gratitudinis
578 3054 635 3089 lex
662 3055 826 3099 populos
854 3057 965 3097 tenet,
993 3058 1031 3090 ut
1057 3055 1162 3090 firma
1188 3055 1263 3091 fide
1290 3067 1332 3091 ac
1360 3058 1484 3090 animo
1505 3058 1690 3091 constanti
1718 3056 1856 3090 addicti
1877 3057 1949 3091 sint
1967 3066 2085 3101 augu-

319 3100 500 3134 stissimae
521 3101 732 3145 Principum
752 3102 921 3144 familiae,
949 3104 1007 3137 cui
1030 3104 1354 3146 pretiosissimum,
1381 3105 1641 3146 gravissimum
1661 3104 1904 3148 omniumque
1925 3104 2084 3138 maxime

318 3148 567 3181 necessarium
595 3148 736 3183 bonum
766 3169 806 3173 —
835 3149 948 3184 fidem
977 3150 1208 3192 catholicam,
1235 3152 1322 3194 post
1348 3151 1470 3185 Deum
1499 3153 1758 3185 conservatam
1787 3150 1935 3185 debent.

465 3194 641 3229 Ceterum
683 3196 781 3230 haud
820 3207 991 3231 veremur
1030 3197 1243 3232 solemniter
1280 3198 1336 3232 hic
1376 3208 1541 3232 asserere
1580 3197 1710 3233 fideles
1753 3200 1930 3232 terrarum
1974 3207 2085 3232 curae

318 3240 454 3274 Nostra
494 3243 776 3277 commissarum
816 3243 967 3277 historia
1001 3246 1094 3279 teste
1123 3245 1308 3279 constanti
1336 3254 1483 3288 semper
1510 3255 1596 3286 erga
1624 3244 1925 3287 augustissimam
1954 3244 2084 3289 Dyna-
