2191 3434
633 262 1411 306 Glagolito-RomananlX.s.
1775 270 1833 301 lii

106 407 379 447 monarchiae
429 407 867 460 Austro-Ungaricae
913 410 1217 459 panslavisticis
1261 410 1314 449 de
1361 411 1498 450 causis
1545 411 1688 461 lingua
1736 412 1886 451 slav1ca

103 480 144 518 in
179 491 302 519 usum
338 479 580 530 liturgicum
616 480 826 520 introduci
861 484 1062 527 conetur;
1100 484 1137 519 et
1163 481 1281 530 quod
1307 482 1411 521 haec
1434 483 1630 532 aspiratio
1655 495 1750 521 cum
1779 496 1879 522 con-

105 550 266 590 ditione
300 551 467 601 Imperii
503 564 551 591 ac
585 553 676 591 eius
710 552 943 602 integritate
979 563 1173 591 consona
1208 564 1293 591 non
1331 553 1391 591 sit.

245 618 341 654 Aeta
369 618 414 655 C.
442 620 481 656 R.
511 620 736 655 Directionis
766 620 920 655 Politiae
948 620 1209 665 Tergestensis
1238 621 1281 655 23
1318 621 1441 655 Martii
1476 621 1574 663 1889,
1612 621 1654 655 N.
1683 621 1750 655 585
1784 622 1884 661 Res:

105 665 168 702 cfr.
196 666 538 711 interpellationem
567 668 625 702 die
652 669 673 702 8
699 668 781 711 Julii
821 669 908 703 1905
937 679 957 703 a
984 668 1158 711 delegato
1197 667 1428 703 Sibenicensi
1465 669 1634 703 Doctore
1675 669 1823 703 Dulibic'
1853 672 1887 703 et

103 714 217 750 sociis
244 714 421 749 Ministro
449 715 611 759 praesidi
640 715 777 750 Baroni
805 715 976 750 Gautsch
1005 717 1039 749 et
1066 715 1240 750 Ministro
1270 715 1528 751 instructionis
1549 720 1583 750 et
1607 716 1741 750 Cultus
1766 716 1886 760 Equiti

103 762 261 797 Doctori
283 763 410 797 Hartel
426 764 675 807 propositam,
691 764 793 798 iuxta
814 762 1071 798 Protocollum
1092 763 1426 807 stenographicum
1450 763 1719 808 Delegatorum
1741 763 1887 798 Vindo—

102 810 342 845 bonensium.

597 909 685 951 IOI
709 921 744 950 c.
782 909 919 959 1889,
960 909 1017 949 14
1041 907 1186 962 sauli,
1210 907 1402 962 jadrae.

246 989 471 1041 Delegatio
507 993 780 1032 Provincialis
803 994 922 1042 regni
949 992 1179 1032 DalmatIae
1206 994 1445 1032 executioni
1470 992 1640 1032 tradens
1669 992 1883 1032 decretum

103 1062 387 1103 Comitiorum
424 1064 617 1103 eiusdem
640 1065 759 1114 regni
788 1066 835 1103 17
863 1064 1116 1103 Decembris
1147 1065 1253 1103 1887
1279 1064 1368 1109 (cfr.
1394 1064 1443 1102 N.
1476 1065 1554 1104 lOO
1578 1068 1632 1111 c),
1670 1063 1883 1102 Caesareo

103 1135 240 1184 Regio
276 1134 595 1174 Locumtenenti
632 1134 877 1183 Dalmatiae,
926 1134 1163 1175 Memoriali
1200 1134 1400 1185 peculiari
1436 1136 1617 1185 adjecto,
1653 1135 1883 1184 significat:

103 1219 228 1246 usum
280 1203 472 1255 liturgiae
523 1205 1004 1257 Glagolito-Romanae
1053 1220 1103 1247 ex
1149 1209 1372 1258 privilegio
1425 1206 1627 1255 „slavicae
1676 1207 1812 1256 genti*
1864 1218 1885 1244 a

102 1279 141 1319 S.
177 1279 289 1320 Sede
336 1292 563 1327 concesso,
610 1280 853 1319 thesaurum
899 1278 1049 1330 populi
1084 1278 1223 1319 tidelis
1259 1291 1365 1321 esse.
1403 1284 1440 1318 et
1475 1278 1770 1328 delegatorum
1809 1290 1884 1327 po-

99 1410 255 1445 misceat
283 1421 323 1445 ac
351 1409 485 1445 turbet.
539 1409 635 1455 Quis
676 1419 838 1453 namque
879 1410 1057 1443 maiorem
1094 1408 1236 1442 nationi
1274 1409 1415 1442 ruinam
1454 1416 1557 1450 parat
1595 1417 1705 1451 quam
1734 1406 1792 1448 illi,
1821 1416 1882 1450 qu,

99 1457 175 1497 fide
215 1457 362 1493 sublata
402 1458 541 1501 primas
581 1458 656 1492 veri
696 1457 889 1501 profectus
929 1457 1031 1499 leges
1068 1457 1099 1490 ei
1137 1456 1380 1490 subvertunt?
1435 1455 1510 1500 Qui
1538 1455 1655 1489 modo
1685 1453 1881 1488 occultiusi

99 1505 216 1540 modo
246 1505 491 1547 manifestius,
520 1507 576 1539 ast
603 1515 794 1549 nunquam
823 1515 896 1538 non
928 1505 1052 1539 animo
1089 1503 1342 1538 intensissimo
1372 1513 1521 1537 omnem
1551 1512 1703 1546 operam
1732 1503 1880 1543 navant,

99 1554 139 1588 ut
165 1554 344 1588 unitatem
372 1553 459 1588 fidei
493 1553 699 1587 catholicae
726 1551 924 1596 impetant,
958 1554 998 1586 ut
1032 1551 1349 1587 necessitudinem
1386 1552 1422 1585 in
1459 1550 1678 1585 sacerdotes
1706 1551 1740 1583 et
1768 1549 1883 1583 laicos

99 1600 275 1643 relaxent,
312 1603 350 1635 ut
383 1601 495 1635 vitam
533 1600 663 1644 populi
691 1611 711 1634 a
738 1599 814 1634 fide
842 1601 997 1644 eiusque
1034 1600 1244 1643 praeceptis
1281 1598 1552 1634 submoveant?
1599 1597 1686 1642 Qui,
1714 1600 1752 1630 ut
1780 1596 1882 1630 brevi

99 1650 214 1684 totam
245 1659 396 1684 causam
435 1648 740 1691 complectamur,
777 1647 953 1683 omnibus
982 1648 1122 1682 viribus
1154 1648 1353 1688 enituntur,
1392 1649 1429 1680 ut
1465 1647 1501 1680 in
1539 1646 1690 1679 natione
1730 1654 1883 1679 sensum

99 1696 327 1731 catholicum
355 1697 616 1739 exstinguant?
654 1696 798 1731 Eodem
826 1695 978 1730 tandem
1008 1694 1206 1730 conferunt
1235 1696 1436 1738 scriptores
1465 1693 1760 1737 ephemeridum,
1790 1702 1884 1735 quae

102 1744 404 1786 „belletristicae“
436 1744 627 1786 dicuntur,
663 1745 794 1787 utpote
831 1744 971 1778 artibus
1011 1743 1174 1786 pulchris
1215 1742 1384 1777 colendis
1421 1743 1455 1775 in
1493 1742 1611 1775 lucem
1653 1741 1785 1782 editae,
1824 1739 1884 1783 qui

97 1793 340 1834 iuventutem,
373 1794 409 1826 in
447 1802 519 1836 qua
555 1791 737 1836 cujusque
765 1792 926 1826 nationis
954 1802 1042 1835 spes
1079 1791 1276 1835 potissima
1303 1790 1427 1833 posita
1454 1792 1526 1831 est,
1555 1788 1638 1823 stilo
1668 1788 1810 1822 lubrico
1839 1796 1881 1820 ac

99 1850 273 1875 sermone
300 1840 466 1883 expolito
495 1839 696 1874 allicientes
725 1841 980 1882 corrumpunt.
1033 1839 1166 1883 Neque
1193 1839 1228 1872 in
1257 1837 1368 1872 nobis
1396 1838 1475 1872 eius
1503 1837 1648 1878 generis
1677 1836 1878 1878 scriptores

99 1887 369 1922 desiderantur.
410 1888 471 1932 qui
499 1887 723 1922 literaturam
758 1887 983 1922 nationalem
1021 1887 1174 1921 iuvandi
1202 1886 1366 1920 studium
1397 1886 1668 1928 praetexentes.
1697 1882 1881 1935 calamum

99 1936 286 1978 stringunt
312 1935 471 1970 terribile
511 1935 599 1970 illud
632 1935 768 1976 ,vach-⁸
799 1934 1044 1978 negligentes,
1081 1935 1184 1979 quod
1225 1934 1401 1968 dominus
1435 1933 1595 1966 minatus
1634 1934 1689 1965 est
1720 1930 1882 1983 „honum

101 1982 149 2017 illi
177 1993 243 2025 per
271 1993 381 2028 quem
410 1983 629 2018 scandalum
659 1984 794 2017 venit‘⁴.
822 1982 970 2024 (Matth.
991 1982 1098 2017 XVII.
1120 1983 1167 2023 7.)
1199 1982 1284 2016 ldeo
1314 1980 1491 2024 Episcopi
1521 1978 1706 2013 etiam‘de
1734 1977 1885 2030 politica

99 2030 230 2075 populi
258 2032 440 2075 cuiusque
468 2031 586 2065 salute
613 2030 710 2065 bene
738 2032 926 2065 merentur
953 2031 1032 2064 eius
1069 2030 1186 2064 duces
1225 2031 1424 2063 monentes
1460 2028 1698 2071 potissimum
1737 2026 1884 2059 unitatis

99 2076 250 2114 socialis
277 2078 432 2121 fontem,
473 2089 517 2112 ex
557 2089 631 2123 quo
672 2078 754 2113 solo
784 2079 924 2112 nationi
959 2089 1044 2112 vera
1078 2077 1272 2112 beatitudo
1313 2087 1354 2110 ac
1383 2076 1493 2110 animi
1523 2073 1767 2118 tranquillitas
1795 2083 1883 2124 pro-

99 2131 224 2160 manat
252 2128 287 2160 et
313 2126 490 2168 firmatur,
518 2127 640 2160 Deum
661 2127 816 2170 eiusque
837 2128 1002 2160 sanctam
1026 2125 1230 2160 Ecclesiam
1252 2134 1351 2159 esse:
1385 2124 1542 2164 „Beatus
1570 2121 1746 2165 populus.
1776 2130 1881 2172 cuius

98 2174 287 2209 Dominus
315 2174 421 2209 Deus
448 2175 548 2208 eius“
580 2175 655 2215 (ΡΒ.
685 2173 838 2208 CXLlll.
870 2174 937 2209 15.)
977 2193 1017 2196 Η
1056 2174 1242 2207 Dominus
1284 2172 1410 2215 utique
1451 2176 1562 2214 atque
1602 2170 1689 2203 Dux
1729 2171 1806 2203 tum
1847 2178 1882 2200 in

98 2221 210 2256 rebus
239 2222 405 2265 privatis,
434 2224 510 2256 tum
540 2222 574 2256 in
604 2221 774 2265 publicis,
803 2223 836 2256 in
866 2221 988 2263 rebus,
1029 2231 1123 2265 quae
1152 2221 1198 2254 ad
1227 2221 1417 2254 nationem
1445 2219 1615 2262 spectant
1647 2217 1745 2250 haud
1775 2225 1884 2250 secus

97 2271 211 2313 atque
239 2270 274 2303 in
304 2270 377 2304 vita
404 2269 532 2304 sociali
562 2272 630 2304 etc.

243 2317 393 2352 Praeter
420 2327 473 2359 ea,
502 2327 598 2361 quae
625 2319 853 2359 monuimus,
882 2320 917 2351 et
937 2318 1005 2351 alia
1026 2316 1209 2360 quaedem
1231 2326 1288 2350 res
1309 2317 1374 2356 est,
1404 2325 1500 2358 quae
1522 2314 1686 2347 animum
1709 2312 1884 2363 Nostram

99 2374 236 2407 magno
267 2365 397 2399 dolore
426 2364 549 2399 afficit.
577 2365 614 2399 ln
644 2365 811 2408 pluribus
839 2364 1144 2408 ephemeridibus
1173 2364 1338 2398 omnium
1359 2362 1434 2396 iere
1455 2363 1646 2396 nationum
1669 2362 1703 2394 in
1725 2360 1882 2412 Imperio

97 2414 228 2446 nostro
257 2412 485 2455 degentium,
513 2423 620 2448 mens
648 2413 832 2457 quaedam
863 2433 903 2436 —
933 2423 978 2447 ne
1007 2412 1172 2447 severius
1199 2411 1368 2445 dicamus
1407 2430 1430 2432 ᾼ
1452 2420 1471 2444 a
1494 2409 1686 2444 communi
1716 2416 1881 2440 omnium

98 2462 268 2494 nostrum
297 2461 426 2504 patria,
454 2470 550 2504 quae
578 2460 726 2495 Austria
754 2462 820 2502 est,
849 2461 966 2495 aliena
994 2461 1119 2503 spirat.
1149 2469 1221 2503 qua
1249 2459 1305 2493 alii
1334 2458 1510 2492 aliorsum
1532 2457 1737 2490 trahuntur.
1768 2454 1882 2488 Etiam

99 2507 189 2542 haec
228 2508 351 2542 studia
378 2508 550 2542 Austriae
577 2509 725 2542 inimica
764 2508 913 2552 alioque
953 2508 1144 2542 tendentia
1183 2508 1262 2541 toto
1305 2507 1429 2540 animo
1472 2514 1685 2539 aversamur
1723 2505 1756 2536 et
1794 2512 1886 2535 con-

99 2554 334 2590 demnamus.
363 2555 506 2590 Etenim
536 2558 777 2590 sacrosancta
805 2560 860 2590 est
887 2556 944 2590 lex
973 2556 1109 2596 divina,
1137 2565 1232 2599 quae
1254 2554 1416 2594 mandat,
1447 2556 1484 2586 ut
1513 2552 1650 2587 subditi
1676 2551 1790 2585 simus
1816 2560 1886 2592 po-

99 2602 313 2644 testatibus,
343 2613 438 2648 quae
466 2614 485 2637 a
513 2604 595 2638 Deo
634 2604 826 2638 ordinatae
860 2606 947 2638 sunt
975 2604 1098 2644 (Rom.
1127 2603 1215 2637 Xlll.
1248 2604 1290 2637 l.)
1328 2603 1502 2645 vetatque
1542 2610 1610 2633 nos
1648 2597 1795 2632 vincula
1830 2597 1887 2631 illa

98 2649 316 2692 dissolvere,
345 2651 480 2695 quibus
518 2651 643 2685 divina
672 2651 911 2686 Providentia
951 2651 1208 2694 superioribus
1248 2649 1408 2683 saeculis
1449 2647 1613 2691 populos
1649 2645 1881 2690 principibus

98 2698 234 2732 nexuit.
289 2697 555 2733 Obedientiam
586 2701 621 2733 et
648 2698 760 2733 iidem
800 2708 886 2740 erga
915 2699 1102 2742 principes
1144 2698 1279 2741 cuique
1309 2696 1507 2731 Catliolico
1544 2705 1618 2728 non
1661 2692 1883 2736 prudentiae

97 2746 188 2780 ratio
216 2747 512 2789 (opportunatis)
541 2746 793 2788 commendat,
822 2746 887 2780 sed
919 2745 1084 2779 officium
1106 2745 1426 2786 religiosissimum
1448 2753 1528 2777 eam
1551 2742 1731 2784 imponit:
1762 2750 1882 2783 neque

98 2803 141 2827 ea
168 2803 212 2827 ex
241 2793 492 2828 nationalIbus
520 2794 576 2828 vel
605 2794 765 2837 politicis
793 2794 920 2828 aliisve
960 2793 1140 2828 similibus
1169 2791 1386 2832 rationibus,
1428 2800 1554 2824 verum
1596 2800 1639 2823 ex
1683 2787 1770 2838 sola
1799 2798 1885 2839 erga

97 2840 220 2875 Deum
259 2842 381 2884 ipsum
417 2842 622 2876 reverentia
661 2844 696 2876 et
733 2841 947 2876 obedientia
984 2841 1140 2883 pendet:
1183 2840 1271 2873 haec
1309 2839 1442 2881 cuique
1483 2836 1680 2871 Catltolico
1718 2836 1882 2867 Olil'clllm

98 2887 312 2932 religiosum
342 2890 408 2931 est,
437 2889 542 2923 cuius
563 2899 647 2922 eum
669 2889 869 2933 aliquando
891 2899 1015 2923 coram
1040 2889 1120 2922 Deo
1150 2887 1274 2921 Iudice
1295 2887 1499 2920 iustissimo
1521 2885 1699 2917 rationem
1725 2881 1882 2934 reddere

99 2935 288 2978 oportebit
315 2946 390 2970 non
420 2937 541 2970 minus
571 2947 613 2970 ac
641 2936 795 2971 aliorum
837 2936 1047 2970 officiorum
1083 2935 1164 2977 lege
1193 2934 1318 2967 divina
1355 2934 1385 2967 ei
1424 2933 1685 2983 iniunctorunt.
1741 2929 1882 2980 Utique

98 2982 303 3017 dolendum
345 2985 411 3025 est,
451 2984 553 3028 quod
594 2984 896 3026 gravissimarum
938 2984 1066 3017 haruin
1107 2982 1301 3016 veritatum
1342 2980 1610 3030 memoriaqin·
1643 2978 1721 3030 dle-S
1758 2985 1877 3029 tnagis

98 3029 330 3068 obliteratur:
371 3031 465 3065 sicut
505 3033 601 3066 enim
642 3031 700 3073 illi,
741 3032 802 3076 qui
843 3032 1014 3065 nationes
1054 3032 1197 3072 regunt,
1237 3029 1307 3062 iam
1348 3027 1490 3061 dudum
1532 3025 1632 3078 talsis
1674 3022 1878 3076 disciplinis

98 3077 267 3112 obsecuti
301 3078 423 3113 Deum
464 3079 619 3123 eiusque
658 3080 736 3114 iura
776 3090 794 3113 e
836 3078 1025 3122 republica
1065 3076 1232 3110 exsulare
1266 3075 1443 3110 iecerunt.
1482 3075 1529 3107 ita
1564 3076 1670 3106 etiam
1707 3073 1878 3122 nationes

98 3135 301 3169 earumque
340 3125 473 3168 duces,
507 3126 644 3161 malum
679 3126 823 3161 illorum
859 3125 1069 3168 exemplum
1106 3124 1302 3163 imitantes,
1340 3123 1450 3155 vitam
1487 3119 1673 3164 publicam
1704 3130 1722 3152 a
1752 3118 1818 3151 Dei
1851 3121 1884 3151 et

98 3172 285 3208 Ecclesiae
312 3175 524 3217 praeceptis
551 3173 710 3209 alienare
739 3174 901 3209 student.
946 3170 1213 3206 Verumtamen
1258 3170 1314 3204 lex
1348 3179 1495 3212 semper
1536 3169 1659 3219 manet
1687 3166 1741 3199 lex
1772 3168 1884 3207 atque

97 3219 234 3254 subditi
255 3221 350 3255 sicut
369 3221 525 3264 pridem,
546 3222 594 3256 ita
615 3222 724 3256 etiam
746 3231 844 3255 nnnc
865 3218 1103 3264 principibus
1127 3218 1204 3252 suis
1227 3217 1448 3260 obsequium
1472 3226 1515 3249 ex
1536 3214 1712 3254 religione
1733 3211 1885 3269 debent.
