2243 3444
389 122 432 154 40
1048 115 1235 152 Fontes
1262 116 1502 163 liturgiae

390 270 545 303 stretur
576 270 705 316 atque
739 270 919 316 regatur,
952 263 1129 314 Illyricis
1163 263 1359 303 ecclesiis
1391 275 1480 303 non
1511 264 1676 304 alienos
1709 265 1787 305 sed
1821 266 2019 306 eiusdem
2053 270 2227 319 generi

389 329 431 362 et
462 323 635 376 linguae
667 323 780 362 viros
812 322 1127 373 praefuturum;
1159 330 1289 375 atque
1340 335 1492 363 eorum
1544 325 1585 362 in
1635 325 1949 376 promovendis
2001 338 2058 364 ex
2102 336 2222 368 orn-1·

388 383 562 422 natione
613 381 828 421 christiani
861 381 978 420 orbis
1011 381 1313 430 cardinalibus,
1354 383 1474 421 iuxta
1525 383 1697 422 Patrum
1747 383 1990 424 Tridentini
2040 383 2222 425 Concil’

389 442 552 480 monita
584 447 626 481 et
659 439 771 481 Sixti
815 440 868 488 V,
901 440 1170 480 celeberrimi
1203 440 1435 492 pontificis,
1468 443 1757 493 progenitoris
1789 442 1885 491 Tui,
1916 445 2128 484 rationem
2149 444 2223 484 ha

387 500 589 539 biturum.
622 523 677 527 —
710 522 767 527 —-
797 498 1054 539 Tresdeeim
1087 501 1202 539 enim
1236 513 1368 553 regna
1400 501 1468 539 vel
1512 503 1756 552 provincias
1798 502 2028 542 latissimas
2077 503 2218 556 lingu·

387 558 553 609 Illyrica
585 558 793 610 possidet.
826 557 1069 608 Thraciam,
1100 559 1299 610 Mysiam,
1332 559 1649 609 Macedoniam,
1668 560 1872 610 Bosnam,
1910 561 2014 601 olim
2047 563 2223 614 propri

386 617 618 668 Illyricum,
674 617 868 666 Daciam,
927 619 1186 658 immensam
1238 618 1353 658 illam
1405 631 1662 670 camporum
1714 620 1899 673 plagam,
1950 633 2062 673 quae
2113 623 2228 661 inte

386 676 540 717 Istrum
574 684 616 716 et
647 676 949 717 Boristhenem
982 677 1137 716 fluvios
1170 679 1292 726 iacet,
1324 678 1579 727 Pannonias,
1621 677 1851 728 Croatiam,
1894 679 2073 729 Istriam,
2123 676 2208 721 Car
2221 695 2229 717 ς»

333 754 337 759 ¹
386 736 513 783 niam,
545 736 813 785 Bohemiam,
844 735 1085 785 Poloniam,
1117 736 1320 776 Rusciam
1356 744 1398 777 et
1431 745 1599 777 vastum
1634 737 1935 777 Ruthenorum
1979 740 2163 791 imperiu
2205 734 2221 757 ³¹

387 794 596 834 Noricum
630 807 774 844 omne,
810 795 931 847 quod
964 808 1080 835 nunc
1113 795 1288 836 Austria
1322 797 1489 846 dicitur,
1523 803 1564 836 et
1615 798 1825 849 quicquid
1870 799 1980 838 inter
2012 797 2149 850 Alpes
2188 802 2229 842 ’ζῆ

385 853 636 894 Danubium
671 867 812 907 usque
845 855 900 894 ad
935 856 1069 906 ipsius
1103 855 1271 895 fontem
1319 863 1361 895 et
1410 856 1466 895 ad
1518 869 1635 895 mare
1667 855 1941 896 Adriaticum
1992 858 2172 911 porrigit

385 913 439 952 ad
474 915 595 953 cuius
627 926 749 953 oram
782 913 997 953 Dalmatia
1042 922 1119 963 est,
1152 915 1340 954 duorum
1374 915 1674 955 Romanorum
1720 917 2031 967 imperatorum
2074 929 2126 956 ac
2157 923 2204 956 to
2218 916 2229 947 T*

384 972 520 1012 tidem
554 971 839 1013 Summorum
874 973 1133 1013 Pontificum
1166 975 1481 1025 procreatione,
1513 975 1592 1014 sed
1625 980 1725 1014 ante
1757 976 1904 1014 omnia
1937 975 2025 1014 divi
2068 970 2219 1016 Hiero·

384 1033 505 1082 nymi
538 1032 668 1071 natali
700 1032 796 1072 solo
830 1032 942 1072 clara
975 1034 1097 1073 cuius
1130 1035 1380 1084 provinciae
1414 1035 1624 1087 insignior
1680 1034 1936 1085 metropolis
1981 1034 2148 1087 Jadera,
2179 1045 2229 1079 eya

383 1092 518 1142 patria
551 1103 659 1140 mea,
691 1098 864 1142 pastore
897 1092 1064 1141 orbata;
1097 1091 1245 1132 Pharia
1278 1099 1423 1132 autem
1458 1093 1594 1132 insula
1626 1093 1682 1133 ad
1724 1093 1910 1133 eandem
1953 1095 2174 1145 provincia
2211 1110 2230 1169 ἶ

385 1151 582 1201 pertinet,
614 1152 736 1190 cuius
770 1163 853 1204 ego
888 1151 1071 1191 ecclesia
1105 1164 1251 1191 curam
1287 1164 1409 1204 gero;
1442 1175 1498 1180 —
1530 1175 1587 1179 —
1618 1152 1736 1205 Ergo
1783 1166 1898 1202 vero,
1943 1153 2049 1193 dum
2101 1159 2230 1196 com]-

384 1210 504 1248 muni
548 1211 744 1249 omnium
796 1212 991 1263 gentium
1043 1211 1200 1251 laetitia
1252 1211 1357 1250 mihi
1406 1212 1535 1251 liceat
1583 1213 1800 1263 praesenti
1850 1212 1943 1260 frui,
1992 1212 2223 1265 pedesqu

383 1268 640 1317 deosculari,
672 1276 849 1322 gentem
883 1269 1110 1321 Illyricam,
1144 1283 1304 1322 meque
1336 1272 1480 1322 ipsum
1513 1269 1635 1310 Tuae
1669 1269 1894 1311 Sanctitati
1940 1272 2228 1312 commend

387 1327 503 1377 Vale,
534 1328 684 1368 Idibus
716 1328 817 1368 Maii
848 1328 1065 1378 MDXCII,
1097 1329 1285 1370 Phariae.
1317 1330 1600 1370 Beatitudinis
1632 1329 1754 1370 Tuae
1780 1343 1928 1371 servus
1954 1330 2212 1371 humillimu

382 1399 432 1426 ac
465 1387 762 1427 deditissimus
793 1387 943 1428 Petrus
976 1388 1227 1438 Cedulinus,
1260 1389 1435 1429 Phariae
1468 1391 1715 1441 episcopus.

522 1467 696 1508 Theiner,
724 1468 824 1502 Mon.
851 1467 1051 1502 Slavorum
1078 1469 1209 1504 Merid.
1237 1470 1279 1510 ΙΙ,
1307 1473 1350 1503 83
1377 1481 1424 1503 ss.

948 1649 1041 1689 159.
1074 1649 1196 1690 1592,
1229 1650 1281 1677 22
1314 1637 1438 1688 Maii,
1469 1637 1641 1688 Romae,

523 1729 726 1772 Clemens
759 1745 871 1784 papa
905 1732 1013 1773 VIII.
1047 1732 1386 1787 Congregationi
1420 1733 1591 1786 linguae
1624 1734 1819 1785 Illyricae
1852 1734 2145 1787 inRagusina
2184 1750 2224 1770 ·-.s1

383 1800 631 1842 Catharensi
664 1803 841 1852 ditione,
873 1817 896 1843 a
928 1805 1009 1856 piis
1044 1806 1140 1844 viris
1173 1818 1230 1844 ex
1265 1812 1449 1857 utroque
1482 1803 1609 1846 Clero
1642 1805 1697 1844 ad
1733 1805 2006 1859 Religionem
2030 1804 2215 1858 Catholss

381 1885 476 1912 cam
509 1874 717 1913 tuendam
750 1887 800 1913 ac
833 1875 1163 1928 propagandam
1197 1876 1314 1927 apud
1349 1883 1502 1929 gentes
1535 1875 1739 1916 Infideles
1760 1873 1961 1929 (Turcas)
1987 1877 2213 1916 instituta.·

383 1945 761 1985 commendatitias
792 1952 836 1985 et
868 1946 1159 1999 indulgentias
1193 1948 1446 1999 impertitur.

523 2026 726 2067 Clemens
756 2027 873 2080 Papa
905 2028 1014 2068 VIII.
1048 2029 1268 2069 Universis
1314 2036 1393 2070 etc.
1445 2029 1556 2071 Cum
1608 2030 1803 2070 nonnulli
1855 2028 2012 2071 Christi
2061 2029 2207 2071 fidele

381 2085 625 2136 Presbyteri
658 2093 700 2126 et
732 2086 886 2128 Clerici
922 2095 1035 2127 »tam
1069 2087 1323 2129 Saeculares
1356 2102 1488 2142 quam
1520 2089 1770 2141 Regulares‚
1802 2089 2022 2142 Ragusini,
2071 2088 2205 2129 Ascr'

381 2146 561 2194 vienses,
594 2152 636 2185 et
667 2146 848 2186 aliorum
881 2147 1080 2187 locorum
1114 2148 1286 2201 linguae
1319 2148 1521 2199 illyricae,
1587 2147 1851 2189 Christianae
1883 2148 1986 2188 fidei
2037 2156 2080 2188 et
2128 2150 2191 2201 pi

380 2205 477 2243 tatis
506 2204 735 2256 juvandae,
767 2212 809 2245 et
842 2207 1167 2247 conservandae
1200 2208 1346 2247 studio
1380 2209 1572 2259 promoti
1605 2214 1647 2248 et
1679 2208 1920 2248 animarum
1953 2207 2102 2248 salutis
2122 2208 2202 2247 zel

381 2264 564 2312 accensi,
595 2264 650 2303 ad
684 2272 826 2315 partes
858 2265 1102 2306 Infidelium
1135 2267 1374 2307 voluntarie
1405 2267 1618 2307 accedere
1649 2266 1892 2316 intendant;
1941 2265 2035 2307 Nos
2055 2290 2112 2295 —
2131 2290 2190 2295 -

381 2334 458 2361 eos
491 2321 727 2362 Ordinariis
759 2324 957 2364 locorum
992 2326 1047 2365 ad
1081 2338 1228 2366 curam
1261 2327 1500 2366 animarum
1536 2333 1578 2366 et
1610 2325 1993 2366 Sacramentorum
2031 2325 2201 2366 admin‘

381 2382 632 2421 strationem
654 2384 948 2433 commendat,
982 2387 1132 2437 eisque
1166 2398 1262 2425 eam
1284 2393 1564 2437 peccatorum
1613 2385 1941 2438 indulgentiam,
1973 2398 2085 2437 quae
2117 2398 2199 2440 pr

382 2439 675 2481 ficiscentibus
696 2443 738 2480 in
788 2441 966 2483 Terram
1001 2443 1206 2484 Sanctam
1241 2446 1426 2484 concedi
1460 2446 1697 2493 consuevit,
1730 2445 1987 2502 impertitur.¹

521 2521 667 2562 Farlati‚
694 2522 880 2568 Illyricum
908 2523 1063 2559 Sacrum
1090 2525 1152 2565 VI,
1179 2527 1261 2558 257.

884 2696 980 2732 160.
1013 2703 1135 2744 1592,
1167 2694 1199 2732 ὁ)
1236 2691 1437 2740 Octobris,
1470 2691 1691 2733 Parentin.

521 2781 678 2822 Caesar
712 2784 768 2824 de
800 2785 940 2826 Nores
973 2788 1209 2839 episcopus
1241 2788 1495 2828 Parentinus
1529 2790 1571 2827 in
1603 2788 1812 2828 relatione
1845 2787 2115 2828 Visitationis
2157 2801 2181 2827 a

381 2851 550 2892 Limina
583 2852 899 2905 Apostolorum
935 2855 1409 2911 §.congregationem
1456 2857 1638 2900 Concilii
1684 2859 1741 2898 de
1792 2865 1903 2898 statu
1955 2858 2189 2899 dioecese·

381 2924 606 2962 certiorem
642 2925 843 2976 reddens,
879 2927 1024 2967 refert:

527 2995 683 3035 »Porro
717 2997 757 3035 in
790 2996 978 3047 Diocesi,
1020 3012 1131 3051 quae
1174 3001 1355 3052 persatis
1405 3001 1550 3053 ampla
1601 3008 1678 3050 est,
1728 3008 1770 3041 et
1821 3002 1863 3040 in
1915 3014 1999 3054 qua
2051 3000 2174 3040 mult
