2191 3434
534 335 1078 382 Glagolito-Romanae
1127 335 1282 370 XVII.
1333 347 1367 371 s.
1769 338 1813 372 35

44 478 206 519 mendo
239 478 295 519 ad
333 477 571 530 Vulgatam,
597 480 810 530 quantum
832 477 1005 530 phrasis
1028 477 1220 530 Illyricae
1242 491 1379 530 purae
1402 477 1589 529 linguae,
1613 481 1851 530 pateretur.

43 561 69 588 a
101 561 142 600 p.
178 547 403 599 Raphae'lc
436 545 679 587 Levakovic
714 547 890 587 Ordinis
915 546 956 588 S.
980 546 1198 587 Francisci
1223 547 1440 588 Minorum
1475 547 1530 587 de
1564 545 1850 588 observantia

39 616 292 670 provinciae
323 616 561 658 Bosnensis
594 618 635 657 et
669 615 922 658 Croatensis
957 616 1264 658 accomodato.

179 706 328 742 Textus
366 707 566 754 originalis
604 707 706 753 apud
743 706 951 742 Assemani
987 706 1073 740 Kal.
1112 706 1216 741 Ecol.
1255 706 1329 741 Un.
1367 706 1432 751 IV,
1468 718 1547 751 cap.
1586 704 1621 754 ξ.
1648 706 1671 740 8
1703 719 1737 753 p.
1765 707 1854 751 1163

45 753 192 797 Ginzel,
217 754 357 797 Codex,
382 754 448 798 973
475 754 639 797 Prodan,
664 753 794 788 Borba
821 765 867 787 za
891 753 1100 799 glagolicu‚
1127 752 1261 798 Prilog
1287 753 1330 797 B,
1360 753 1424 787 124
1449 764 1478 788 s.

569 895 666 935 122.
700 895 828 945 1644,
861 896 889 934 4
926 892 1127 942 Octobris,
1163 893 1311 935 Thorai.

178 987 475 1029 Introducitur
516 987 559 1028 in
600 987 925 1040 possessionem
968 986 1174 1028 abbatiae
1218 985 1296 1027 SS.
1343 986 1529 1028 Cosmae
1573 988 1615 1028 et
1646 985 1848 1028 Damiani

43 1057 91 1099 O.
126 1056 169 1098 S.
202 1057 428 1098 Benedicti
462 1056 503 1097 in
538 1059 688 1098 monte
721 1056 945 1098 Tkonensi
967 1055 1188 1097 Jadrensis
1213 1056 1466 1097 dioeceseos
1499 1056 1637 1098 abbas
1670 1068 1848 1097 comen-

39 1126 233 1168 datarius
256 1126 509 1179 Stephanus
532 1126 679 1176 Gradi,
717 1129 955 1180 postquam
989 1126 1034 1167 in
1073 1126 1226 1167 eadem
1252 1125 1435 1167 ecclesia
1465 1126 1634 1168 litterae
1667 1129 1847 1179 aposto-

36 1197 145 1238 licae
177 1197 257 1237 sub
302 1196 405 1237 dato
450 1196 620 1238 Romae
663 1196 715 1236 22
759 1195 921 1249 Aprilis
969 1196 1077 1237 1643
1110 1195 1340 1237 monachis
1378 1194 1570 1249 „Illyrico
1604 1196 1839 1238 idiomate“

40 1266 282 1320 explicatae
315 1268 428 1307 sunt.

177 1356 254 1393 Cfr.
279 1357 389 1400 Jeliss
414 1357 539 1393 Arhiv
565 1357 776 1404 Rogovske
803 1357 948 1403 opatije
974 1357 1014 1391 in
1040 1357 1287 1403 ephemeride
1312 1357 1491 1392 Viestnik
1515 1356 1599 1392 hrv.
1629 1357 1846 1393 arheol.d1·.

41 1405 115 1440 NS.
140 1404 198 1440 111
223 1404 354 1449 (1898),
379 1404 435 1439 86.

707 1522 804 1562 123.
838 1522 968 1571 1644,
1001 1519 1192 1562 Petenen.

179 1614 400 1656 Antonius
432 1615 701 1657 Marentinus
725 1615 958 1668 episcopus
981 1615 1237 1656 petenensis
1261 1615 1304 1656 in
1327 1616 1540 1658 relatione
1574 1616 1845 1658 Visitationis

39 1684 96 1726 ad
127 1683 298 1725 Limina
330 1685 647 1738 Apostolorum
681 1685 722 1726 S.
769 1683 929 1738 Congr.
964 1685 1160 1726 Concillii
1205 1685 1259 1726 de
1301 1688 1417 1726 statu
1461 1686 1716 1728 dioeceseos
1749 1699 1842 1728 cer-

38 1755 196 1796 tiorem
229 1755 432 1804 reddens,
465 1755 622 1796 refert:

187 1848 410 1902 „Populus
442 1849 607 1902 Illyrica
647 1849 795 1902 lingua
835 1849 984 1899 utitur,
1018 1849 1151 1903 aliqui
1195 1852 1343 1891 tamen
1377 1850 1507 1891 etiam
1538 1849 1735 1892 Italicam
1765 1863 1840 1892 co-

37 1905 144 1947 lunt.
182 1930 223 1936 —
263 1905 524 1948 Sacerdotes
555 1920 720 1957 omnes,
754 1907 884 1948 unico
919 1910 1116 1960 excepto,
1160 1907 1314 1949 missas
1361 1908 1517 1949 Latina
1549 1909 1696 1960 lingua
1728 1909 1843 1950 cele-

34 1963 176 2014 brant,
207 1965 420 2006 hactenus
450 1965 630 2019 Illyrica,
663 1966 783 2018 quod
816 1968 864 2005 ut
896 1965 1075 2006 omnino
1111 1965 1380 2016 excludatur,
1412 1979 1501 2007 non
1543 1966 1840 2008 admittuntur

37 2021 94 2064 ad
127 2020 284 2063 Sacros
317 2022 503 2064 Ordines
536 2023 610 2076 qui
643 2036 732 2064 non
765 2023 923 2064 callent
953 2023 1066 2064 bene
1097 2023 1321 2065 latinam“.

172 2113 454 2149 Aut-‚henticum
485 2114 525 2148 in
556 2113 726 2149 Archivo
760 2114 797 2149 S.
832 2115 969 2161 Congr.
1008 2114 1171 2150 Concilii
1196 2114 1236 2149 in
1261 2114 1469 2150 Tabulario
1495 2115 1706 2159 Vaticano;
1729 2114 1845 2161 juxta

38 2164 263 2207 excerptum
289 2160 561 2196 Crnoicianum
586 2161 677 2196 anni
702 2160 802 2196 1892.

594 2303 690 2343 124.
725 2303 1022 2353 1631-1645,
1055 2300 1277 2344 Par-emin,

177 2396 224 2437 In
258 2396 513 2437 dioeceseos
557 2396 819 2437 Parentinae
861 2396 1120 2438 visitatione
1168 2395 1367 2437 Generali
1401 2395 1644 2437 Canonica:
1683 2396 1838 2445 „Villa-

36 2477 150 2507 nova
182 2466 246 2507 sia
269 2468 497 2518 comprato
520 2478 580 2506 un
605 2466 788 2507 messale
809 2465 946 2507 latino
979 2468 1019 2506 et
1044 2479 1102 2506 un
1125 2465 1235 2507 altro
1259 2465 1380 2507 slavo
1405 2468 1446 2506 et
1468 2478 1526 2506 un
1549 2465 1834 2506 schiavetto.“

172 2556 367 2602 Excerpta
393 2567 440 2590 ex
465 2556 764 2591 Visita‘cionibus
792 2556 1047 2592 Generalibus
1074 2557 1282 2592 canonicis
1308 2557 1480 2604 episcopi
1505 2556 1651 2603 Rogeri
1677 2555 1842 2591 Tritonii

37 2601 216 2646 Pesante,
243 2603 296 2638 La
321 2603 481 2649 liturgia
506 2602 625 2647 slava‚
654 2603 729 2636 126.

685 2745 780 2785 125.
815 2745 939 2793 1645,
971 2743 1193 2786 Parentin.

173 2838 219 2878 In
252 2837 509 2880 Visitatione
543 2838 742 2879 Generali
775 2837 1000 2880 Canonica
1036 2839 1290 2880 dioeceseos
1322 2839 1584 2880 Parentinae
1628 2838 1837 2891 episcopo

36 2904 191 2948 Joanni
222 2907 444 2961 Baptistae
477 2908 530 2950 de
564 2907 757 2958 Giudice,
790 2908 1043 2961 interrogati
1075 2909 1365 2961 respondent:

173 3001 351 3042 Andrea
398 3000 508 3051 Fert,
557 3001 750 3042 Pievano
798 3002 841 3042 in
888 3000 1191 3044 Pisinvcchio:
1243 3002 1438 3052 „flavere
1482 3001 1508 3042 il
1547 3000 1830 3049 Sci-titinium,

37 3055 256 3100 Breviario
290 3072 312 3099 e
344 3059 564 3100 Messale“.

173 3116 363 3158 Parroco
396 3117 439 3158 di
473 3117 685 3158 Sbandati
719 3130 740 3157 e
775 3117 922 3159 Zuane
956 3117 1129 3159 Sincich
1163 3118 1355 3158 Pievano
1390 3117 1432 3158 di
1467 3116 1506 3158 S.
1544 3114 1756 3157 Giovanni
1782 3114 1826 3154 di

39 3171 218 3215 Sterna:
257 3174 379 3224 „Non
411 3174 546 3215 haver
576 3175 672 3216 altri
713 3175 810 3215 libri
852 3188 931 3228 per
961 3176 1155 3217 studiare
1198 3189 1243 3217 se
1284 3188 1371 3216 non
1406 3188 1463 3215 un
1496 3174 1692 3221 Messall»,
1728 3173 1831 3212 Bre-

37 3229 172 3272 viario
206 3235 247 3273 et
279 3232 498 3274 Scrutinio
531 3232 823 3274 sclavonico“.
