<?xml version="1.0" encoding="UTF-8"?>
<!DOCTYPE html PUBLIC "-//W3C//DTD XHTML 1.0 Transitional//EN"
    "http://www.w3.org/TR/xhtml1/DTD/xhtml1-transitional.dtd">
<html xmlns="http://www.w3.org/1999/xhtml" xml:lang="en" lang="en">
 <head>
  <title>
</title>
<meta http-equiv="Content-Type" content="text/html;charset=utf-8" />
  <meta name='ocr-system' content='tesseract 3.04.00' />
  <meta name='ocr-capabilities' content='ocr_page ocr_carea ocr_par ocr_line ocrx_word'/>
</head>
<body>
  <div class='ocr_page' id='page_1' title='image "./fonteshistoricil00jeliuoft_0032.png"; bbox 0 0 2243 3444; ppageno 0'>
   <div class='ocr_carea' id='block_1_1' title="bbox 392 155 1534 199">
    <p class='ocr_par' dir='ltr' id='par_1_1' title="bbox 392 155 1534 199">
     <span class='ocr_line' id='line_1_1' title="bbox 392 155 1534 199; baseline -0.002 -9"><span class='ocrx_word' id='word_1_1' title='bbox 392 166 409 195; x_wconf 78' lang='grc'>4</span> <span class='ocrx_word' id='word_1_2' title='bbox 1081 155 1534 199; x_wconf 77' lang='lat' dir='ltr'>Fontesliturgiae</span> 
     </span>
    </p>
   </div>
   <div class='ocr_carea' id='block_1_2' title="bbox 393 215 1635 225">
    <p class='ocr_par' dir='ltr' id='par_1_2' title="bbox 393 215 1635 225">
     <span class='ocr_line' id='line_1_2' title="bbox 393 215 1635 225; baseline 0 0"><span class='ocrx_word' id='word_1_3' title='bbox 393 215 1635 225; x_wconf 95' lang='lat' dir='ltr'> </span> 
     </span>
    </p>
   </div>
   <div class='ocr_carea' id='block_1_3' title="bbox 831 296 1743 354">
    <p class='ocr_par' dir='ltr' id='par_1_3' title="bbox 831 296 1743 354">
     <span class='ocr_line' id='line_1_3' title="bbox 831 296 1743 354; baseline -0.004 -12"><span class='ocrx_word' id='word_1_4' title='bbox 831 315 874 354; x_wconf 67' lang='lat'>5.</span> <span class='ocrx_word' id='word_1_5' title='bbox 916 303 1039 353; x_wconf 68' lang='lat'>1346,</span> <span class='ocrx_word' id='word_1_6' title='bbox 1066 313 1098 350; x_wconf 78' lang='lat'><em>9</em></span> <span class='ocrx_word' id='word_1_7' title='bbox 1132 298 1248 338; x_wconf 80' lang='lat' dir='ltr'>Maii</span> <span class='ocrx_word' id='word_1_8' title='bbox 1275 296 1491 338; x_wconf 84' lang='lat' dir='ltr'>Auenione</span> <span class='ocrx_word' id='word_1_9' title='bbox 1523 296 1743 351; x_wconf 70' lang='lat' dir='ltr'>(Fragen.)</span> 
     </span>
    </p>
   </div>
   <div class='ocr_carea' id='block_1_4' title="bbox 390 393 2215 732">
    <p class='ocr_par' dir='ltr' id='par_1_4' title="bbox 390 393 2215 732">
     <span class='ocr_line' id='line_1_4' title="bbox 531 393 2212 448; baseline -0.003 -10"><span class='ocrx_word' id='word_1_10' title='bbox 531 398 732 439; x_wconf 85' lang='lat' dir='ltr'><strong>Clemens</strong></span> <span class='ocrx_word' id='word_1_11' title='bbox 766 410 876 448; x_wconf 90' lang='lat' dir='ltr'>papa</span> <span class='ocrx_word' id='word_1_12' title='bbox 909 395 979 444; x_wconf 91' lang='lat' dir='ltr'>VI,</span> <span class='ocrx_word' id='word_1_13' title='bbox 1014 394 1201 434; x_wconf 90' lang='lat' dir='ltr'>Arnesto</span> <span class='ocrx_word' id='word_1_14' title='bbox 1243 393 1575 444; x_wconf 84' lang='lat' dir='ltr'>archiepiscopo</span> <span class='ocrx_word' id='word_1_15' title='bbox 1619 393 1822 446; x_wconf 88' lang='lat' dir='ltr'>Pragensi</span> <span class='ocrx_word' id='word_1_16' title='bbox 1867 394 1923 434; x_wconf 92' lang='lat' dir='ltr'>ad</span> <span class='ocrx_word' id='word_1_17' title='bbox 1957 394 2212 446; x_wconf 88' lang='lat' dir='ltr'><strong>petitionem</strong></span> 
     </span>
     <span class='ocr_line' id='line_1_5' title="bbox 390 463 2215 516; baseline -0.003 -7"><span class='ocrx_word' id='word_1_18' title='bbox 390 470 535 509; x_wconf 88' lang='lat' dir='ltr'>Karoli</span> <span class='ocrx_word' id='word_1_19' title='bbox 569 468 781 508; x_wconf 85' lang='lat' dir='ltr'>Moraviae</span> <span class='ocrx_word' id='word_1_20' title='bbox 817 466 1076 505; x_wconf 91' lang='lat' dir='ltr'>marchionis</span> <span class='ocrx_word' id='word_1_21' title='bbox 1110 464 1312 504; x_wconf 90' lang='lat' dir='ltr'>concedit</span> <span class='ocrx_word' id='word_1_22' title='bbox 1347 463 1600 512; x_wconf 91' lang='lat' dir='ltr'>monachos,</span> <span class='ocrx_word' id='word_1_23' title='bbox 1632 464 1689 504; x_wconf 92' lang='lat' dir='ltr'>de</span> <span class='ocrx_word' id='word_1_24' title='bbox 1734 465 1927 516; x_wconf 90' lang='lat' dir='ltr'>partibus</span> <span class='ocrx_word' id='word_1_25' title='bbox 1972 463 2215 514; x_wconf 86' lang='lat' dir='ltr'>Slavoniae,</span> 
     </span>
     <span class='ocr_line' id='line_1_6' title="bbox 391 533 2215 591; baseline -0.003 -11"><span class='ocrx_word' id='word_1_26' title='bbox 391 554 445 580; x_wconf 81' lang='lat' dir='ltr'>ex</span> <span class='ocrx_word' id='word_1_27' title='bbox 479 540 651 591; x_wconf 90' lang='lat' dir='ltr'>antiqua</span> <span class='ocrx_word' id='word_1_28' title='bbox 684 537 999 577; x_wconf 90' lang='lat' dir='ltr'>consuetudine</span> <span class='ocrx_word' id='word_1_29' title='bbox 1033 535 1289 587; x_wconf 89' lang='lat' dir='ltr'>indultoque</span> <span class='ocrx_word' id='word_1_30' title='bbox 1323 533 1365 574; x_wconf 91' lang='lat' dir='ltr'>S.</span> <span class='ocrx_word' id='word_1_31' title='bbox 1400 534 1527 574; x_wconf 90' lang='lat' dir='ltr'>Sedis</span> <span class='ocrx_word' id='word_1_32' title='bbox 1562 534 1729 587; x_wconf 85' lang='lat' dir='ltr'>liturgia</span> <span class='ocrx_word' id='word_1_33' title='bbox 1776 534 2215 587; x_wconf 87' lang='lat' dir='ltr'>Glagolito-Romana</span> 
     </span>
     <span class='ocr_line' id='line_1_7' title="bbox 392 605 2215 658; baseline -0.003 -8"><span class='ocrx_word' id='word_1_34' title='bbox 392 618 571 658; x_wconf 82' lang='lat' dir='ltr'>utentes,</span> <span class='ocrx_word' id='word_1_35' title='bbox 604 611 644 648; x_wconf 94' lang='lat' dir='ltr'>in</span> <span class='ocrx_word' id='word_1_36' title='bbox 667 608 916 648; x_wconf 87' lang='lat' dir='ltr'>Bohemiam</span> <span class='ocrx_word' id='word_1_37' title='bbox 951 608 1259 658; x_wconf 90' lang='lat' dir='ltr'>immigrantes‚</span> <span class='ocrx_word' id='word_1_38' title='bbox 1301 607 1342 644; x_wconf 93' lang='lat' dir='ltr'>in</span> <span class='ocrx_word' id='word_1_39' title='bbox 1377 618 1462 644; x_wconf 92' lang='lat' dir='ltr'>uno</span> <span class='ocrx_word' id='word_1_40' title='bbox 1514 605 1741 645; x_wconf 84' lang='lat' dir='ltr'>dumtaxat</span> <span class='ocrx_word' id='word_1_41' title='bbox 1792 605 1895 645; x_wconf 92' lang='lat' dir='ltr'>dicti</span> <span class='ocrx_word' id='word_1_42' title='bbox 1944 606 2065 657; x_wconf 75' lang='lat' dir='ltr'>regni</span> <span class='ocrx_word' id='word_1_43' title='bbox 2114 605 2215 645; x_wconf 90' lang='lat' dir='ltr'>loco</span> 
     </span>
     <span class='ocr_line' id='line_1_8' title="bbox 392 677 1426 732; baseline -0.005 -12"><span class='ocrx_word' id='word_1_44' title='bbox 392 693 521 732; x_wconf 90' lang='lat' dir='ltr'>posse</span> <span class='ocrx_word' id='word_1_45' title='bbox 555 680 743 719; x_wconf 91' lang='lat' dir='ltr'>divinum</span> <span class='ocrx_word' id='word_1_46' title='bbox 780 677 972 718; x_wconf 84' lang='lat' dir='ltr'>officium</span> <span class='ocrx_word' id='word_1_47' title='bbox 1006 677 1162 716; x_wconf 88' lang='lat' dir='ltr'>slavice</span> <span class='ocrx_word' id='word_1_48' title='bbox 1197 677 1426 716; x_wconf 88' lang='lat' dir='ltr'>celebrare.</span> 
     </span>
    </p>
   </div>
   <div class='ocr_carea' id='block_1_5' title="bbox 391 757 2243 2696">
    <p class='ocr_par' dir='ltr' id='par_1_5' title="bbox 391 757 2233 2696">
     <span class='ocr_line' id='line_1_9' title="bbox 532 757 2216 812; baseline -0.002 -10"><span class='ocrx_word' id='word_1_49' title='bbox 532 761 732 803; x_wconf 85' lang='lat' dir='ltr'>Clemens</span> <span class='ocrx_word' id='word_1_50' title='bbox 766 761 1009 812; x_wconf 83' lang='lat' dir='ltr'>Episcopus</span> <span class='ocrx_word' id='word_1_51' title='bbox 1042 772 1189 798; x_wconf 90' lang='lat' dir='ltr'>servus</span> <span class='ocrx_word' id='word_1_52' title='bbox 1222 771 1444 798; x_wconf 89' lang='lat' dir='ltr'>servorum</span> <span class='ocrx_word' id='word_1_53' title='bbox 1478 757 1571 798; x_wconf 93' lang='lat' dir='ltr'>Dei.</span> <span class='ocrx_word' id='word_1_54' title='bbox 1604 757 1851 798; x_wconf 85' lang='lat' dir='ltr'>Venerabili</span> <span class='ocrx_word' id='word_1_55' title='bbox 1871 758 2017 807; x_wconf 85' lang='lat' dir='ltr'>Fratri,</span> <span class='ocrx_word' id='word_1_56' title='bbox 2036 757 2216 798; x_wconf 89' lang='lat' dir='ltr'>Archie-</span> 
     </span>
     <span class='ocr_line' id='line_1_10' title="bbox 393 815 2217 873; baseline -0.003 -12"><span class='ocrx_word' id='word_1_57' title='bbox 393 823 575 873; x_wconf 85' lang='lat' dir='ltr'>piscopo</span> <span class='ocrx_word' id='word_1_58' title='bbox 616 820 816 872; x_wconf 88' lang='lat' dir='ltr'>Pragensi</span> <span class='ocrx_word' id='word_1_59' title='bbox 868 819 1050 858; x_wconf 80' lang='lat' dir='ltr'>salutem</span> <span class='ocrx_word' id='word_1_60' title='bbox 1102 825 1143 857; x_wconf 90' lang='lat' dir='ltr'>et</span> <span class='ocrx_word' id='word_1_61' title='bbox 1193 818 1480 868; x_wconf 87' lang='lat' dir='ltr'>apostolicam</span> <span class='ocrx_word' id='word_1_62' title='bbox 1532 816 1898 856; x_wconf 89' lang='lat' dir='ltr'>benedictionem.</span> <span class='ocrx_word' id='word_1_63' title='bbox 1949 815 2217 870; x_wconf 89' lang='lat' dir='ltr'>Significavit</span> 
     </span>
     <span class='ocr_line' id='line_1_11' title="bbox 393 874 2215 928; baseline -0.002 -8"><span class='ocrx_word' id='word_1_64' title='bbox 393 882 517 920; x_wconf 93' lang='lat' dir='ltr'>nobis</span> <span class='ocrx_word' id='word_1_65' title='bbox 551 880 733 918; x_wconf 90' lang='lat' dir='ltr'>dilectus</span> <span class='ocrx_word' id='word_1_66' title='bbox 767 877 877 917; x_wconf 88' lang='lat' dir='ltr'>filius</span> <span class='ocrx_word' id='word_1_67' title='bbox 909 878 1065 916; x_wconf 90' lang='lat' dir='ltr'>nobilis</span> <span class='ocrx_word' id='word_1_68' title='bbox 1100 878 1159 915; x_wconf 83' lang='lat' dir='ltr'>vir</span> <span class='ocrx_word' id='word_1_69' title='bbox 1191 876 1375 916; x_wconf 91' lang='lat' dir='ltr'>Karolus</span> <span class='ocrx_word' id='word_1_70' title='bbox 1407 875 1600 916; x_wconf 90' lang='lat' dir='ltr'>Marchio</span> <span class='ocrx_word' id='word_1_71' title='bbox 1634 874 1862 924; x_wconf 84' lang='lat' dir='ltr'>Moraviae,</span> <span class='ocrx_word' id='word_1_72' title='bbox 1895 878 2016 928; x_wconf 91' lang='lat' dir='ltr'>quod</span> <span class='ocrx_word' id='word_1_73' title='bbox 2048 877 2091 916; x_wconf 89' lang='lat' dir='ltr'>in</span> <span class='ocrx_word' id='word_1_74' title='bbox 2123 875 2215 917; x_wconf 85' lang='lat' dir='ltr'>Sla-</span> 
     </span>
     <span class='ocr_line' id='line_1_12' title="bbox 393 933 2217 988; baseline -0.002 -10"><span class='ocrx_word' id='word_1_75' title='bbox 393 941 516 978; x_wconf 89' lang='lat' dir='ltr'>vonia</span> <span class='ocrx_word' id='word_1_76' title='bbox 568 945 609 978; x_wconf 92' lang='lat' dir='ltr'>et</span> <span class='ocrx_word' id='word_1_77' title='bbox 651 936 866 977; x_wconf 88' lang='lat' dir='ltr'>nonnullis</span> <span class='ocrx_word' id='word_1_78' title='bbox 900 937 1092 987; x_wconf 90' lang='lat' dir='ltr'>partibus</span> <span class='ocrx_word' id='word_1_79' title='bbox 1125 937 1181 975; x_wconf 90' lang='lat' dir='ltr'>de</span> <span class='ocrx_word' id='word_1_80' title='bbox 1215 933 1444 975; x_wconf 91' lang='lat' dir='ltr'>Slavonica</span> <span class='ocrx_word' id='word_1_81' title='bbox 1477 935 1622 988; x_wconf 88' lang='lat' dir='ltr'>lingua</span> <span class='ocrx_word' id='word_1_82' title='bbox 1655 935 1942 975; x_wconf 82' lang='lat' dir='ltr'>existentibus</span> <span class='ocrx_word' id='word_1_83' title='bbox 1994 937 2125 975; x_wconf 91' lang='lat' dir='ltr'>misse</span> <span class='ocrx_word' id='word_1_84' title='bbox 2175 942 2217 975; x_wconf 91' lang='lat' dir='ltr'>et</span> 
     </span>
     <span class='ocr_line' id='line_1_13' title="bbox 391 993 2218 1046; baseline -0.002 -9"><span class='ocrx_word' id='word_1_85' title='bbox 391 999 472 1037; x_wconf 89' lang='lat' dir='ltr'>alie</span> <span class='ocrx_word' id='word_1_86' title='bbox 505 998 607 1036; x_wconf 90' lang='lat' dir='ltr'>hore</span> <span class='ocrx_word' id='word_1_87' title='bbox 642 997 849 1035; x_wconf 90' lang='lat' dir='ltr'>canonice</span> <span class='ocrx_word' id='word_1_88' title='bbox 892 995 946 1034; x_wconf 91' lang='lat' dir='ltr'>ad</span> <span class='ocrx_word' id='word_1_89' title='bbox 979 995 1154 1034; x_wconf 90' lang='lat' dir='ltr'>laudem</span> <span class='ocrx_word' id='word_1_90' title='bbox 1189 993 1342 1035; x_wconf 84' lang='lat' dir='ltr'>Christi</span> <span class='ocrx_word' id='word_1_91' title='bbox 1376 995 1417 1033; x_wconf 91' lang='lat' dir='ltr'>in</span> <span class='ocrx_word' id='word_1_92' title='bbox 1451 1006 1602 1034; x_wconf 90' lang='lat' dir='ltr'>eorum</span> <span class='ocrx_word' id='word_1_93' title='bbox 1645 993 1808 1046; x_wconf 86' lang='lat' dir='ltr'>vulgari</span> <span class='ocrx_word' id='word_1_94' title='bbox 1851 994 1907 1034; x_wconf 88' lang='lat' dir='ltr'>de</span> <span class='ocrx_word' id='word_1_95' title='bbox 1953 994 2125 1034; x_wconf 89' lang='lat' dir='ltr'>licentia</span> <span class='ocrx_word' id='word_1_96' title='bbox 2175 1001 2218 1034; x_wconf 91' lang='lat' dir='ltr'>et</span> 
     </span>
     <span class='ocr_line' id='line_1_14' title="bbox 393 1052 2217 1106; baseline -0.002 -10"><span class='ocrx_word' id='word_1_97' title='bbox 393 1068 449 1096; x_wconf 77' lang='lat' dir='ltr'>ex</span> <span class='ocrx_word' id='word_1_98' title='bbox 481 1056 646 1095; x_wconf 89' lang='lat' dir='ltr'>indulto</span> <span class='ocrx_word' id='word_1_99' title='bbox 681 1053 807 1095; x_wconf 90' lang='lat' dir='ltr'>Sedis</span> <span class='ocrx_word' id='word_1_100' title='bbox 843 1053 1099 1105; x_wconf 87' lang='lat' dir='ltr'>Apostolice</span> <span class='ocrx_word' id='word_1_101' title='bbox 1132 1054 1343 1106; x_wconf 89' lang='lat' dir='ltr'>leguntur,</span> <span class='ocrx_word' id='word_1_102' title='bbox 1384 1059 1427 1093; x_wconf 91' lang='lat' dir='ltr'>et</span> <span class='ocrx_word' id='word_1_103' title='bbox 1477 1054 1604 1092; x_wconf 87' lang='lat' dir='ltr'>etiam</span> <span class='ocrx_word' id='word_1_104' title='bbox 1657 1052 1953 1102; x_wconf 85' lang='lat' dir='ltr'>decantantur,</span> <span class='ocrx_word' id='word_1_105' title='bbox 2001 1060 2044 1093; x_wconf 92' lang='lat' dir='ltr'>et</span> <span class='ocrx_word' id='word_1_106' title='bbox 2095 1053 2217 1106; x_wconf 91' lang='lat' dir='ltr'>quod</span> 
     </span>
     <span class='ocr_line' id='line_1_15' title="bbox 393 1111 2219 1164; baseline -0.001 -10"><span class='ocrx_word' id='word_1_107' title='bbox 393 1116 524 1154; x_wconf 90' lang='lat' dir='ltr'>multa</span> <span class='ocrx_word' id='word_1_108' title='bbox 557 1115 813 1154; x_wconf 87' lang='lat' dir='ltr'>monasteria</span> <span class='ocrx_word' id='word_1_109' title='bbox 846 1120 887 1153; x_wconf 90' lang='lat' dir='ltr'>et</span> <span class='ocrx_word' id='word_1_110' title='bbox 930 1113 1025 1152; x_wconf 88' lang='lat' dir='ltr'>loca</span> <span class='ocrx_word' id='word_1_111' title='bbox 1076 1112 1391 1152; x_wconf 90' lang='lat' dir='ltr'>Monachorum</span> <span class='ocrx_word' id='word_1_112' title='bbox 1443 1113 1665 1164; x_wconf 91' lang='lat' dir='ltr'>nigrorum</span> <span class='ocrx_word' id='word_1_113' title='bbox 1715 1113 1850 1151; x_wconf 91' lang='lat' dir='ltr'>sancti</span> <span class='ocrx_word' id='word_1_114' title='bbox 1900 1111 2126 1152; x_wconf 87' lang='lat' dir='ltr'>Benedicti</span> <span class='ocrx_word' id='word_1_115' title='bbox 2176 1117 2219 1152; x_wconf 91' lang='lat' dir='ltr'>et</span> 
     </span>
     <span class='ocr_line' id='line_1_16' title="bbox 391 1171 2216 1223; baseline -0.002 -10"><span class='ocrx_word' id='word_1_116' title='bbox 391 1175 570 1213; x_wconf 84' lang='lat' dir='ltr'>aliorum</span> <span class='ocrx_word' id='word_1_117' title='bbox 605 1174 803 1212; x_wconf 87' lang='lat' dir='ltr'>ordinum</span> <span class='ocrx_word' id='word_1_118' title='bbox 839 1174 880 1211; x_wconf 92' lang='lat' dir='ltr'>in</span> <span class='ocrx_word' id='word_1_119' title='bbox 913 1173 990 1211; x_wconf 70' lang='lat' dir='ltr'>illis</span> <span class='ocrx_word' id='word_1_120' title='bbox 1026 1173 1228 1222; x_wconf 86' lang='lat' dir='ltr'>partibus,</span> <span class='ocrx_word' id='word_1_121' title='bbox 1260 1171 1511 1211; x_wconf 90' lang='lat' dir='ltr'>huiusmodi</span> <span class='ocrx_word' id='word_1_122' title='bbox 1556 1171 1683 1210; x_wconf 91' lang='lat' dir='ltr'>ritum</span> <span class='ocrx_word' id='word_1_123' title='bbox 1717 1183 1773 1210; x_wconf 84' lang='lat' dir='ltr'>ex</span> <span class='ocrx_word' id='word_1_124' title='bbox 1806 1171 1983 1223; x_wconf 89' lang='lat' dir='ltr'>antiqua</span> <span class='ocrx_word' id='word_1_125' title='bbox 2032 1183 2216 1211; x_wconf 87' lang='lat' dir='ltr'>consue-</span> 
     </span>
     <span class='ocr_line' id='line_1_17' title="bbox 393 1231 2218 1284; baseline -0.001 -12"><span class='ocrx_word' id='word_1_126' title='bbox 393 1233 541 1272; x_wconf 88' lang='lat' dir='ltr'>tudine</span> <span class='ocrx_word' id='word_1_127' title='bbox 575 1244 712 1284; x_wconf 90' lang='lat' dir='ltr'>usque</span> <span class='ocrx_word' id='word_1_128' title='bbox 745 1233 786 1271; x_wconf 89' lang='lat' dir='ltr'>in</span> <span class='ocrx_word' id='word_1_129' title='bbox 820 1231 1080 1270; x_wconf 83' lang='lat' dir='ltr'>hodiernum</span> <span class='ocrx_word' id='word_1_130' title='bbox 1126 1231 1242 1269; x_wconf 91' lang='lat' dir='ltr'>diem</span> <span class='ocrx_word' id='word_1_131' title='bbox 1276 1232 1529 1277; x_wconf 92' lang='lat' dir='ltr'>tenentium,</span> <span class='ocrx_word' id='word_1_132' title='bbox 1562 1236 1740 1281; x_wconf 89' lang='lat' dir='ltr'>propter</span> <span class='ocrx_word' id='word_1_133' title='bbox 1772 1231 1915 1283; x_wconf 87' lang='lat' dir='ltr'>brigas</span> <span class='ocrx_word' id='word_1_134' title='bbox 1966 1237 2009 1270; x_wconf 89' lang='lat' dir='ltr'>et</span> <span class='ocrx_word' id='word_1_135' title='bbox 2042 1242 2218 1283; x_wconf 87' lang='lat' dir='ltr'>guerras</span> 
     </span>
     <span class='ocr_line' id='line_1_18' title="bbox 393 1286 2218 1342; baseline -0.001 -12"><span class='ocrx_word' id='word_1_136' title='bbox 393 1292 556 1331; x_wconf 89' lang='lat' dir='ltr'>illarum</span> <span class='ocrx_word' id='word_1_137' title='bbox 591 1291 772 1342; x_wconf 84' lang='lat' dir='ltr'>partium</span> <span class='ocrx_word' id='word_1_138' title='bbox 809 1291 1025 1330; x_wconf 89' lang='lat' dir='ltr'>destructa</span> <span class='ocrx_word' id='word_1_139' title='bbox 1059 1298 1100 1329; x_wconf 90' lang='lat' dir='ltr'>et</span> <span class='ocrx_word' id='word_1_140' title='bbox 1132 1289 1187 1328; x_wconf 91' lang='lat' dir='ltr'>ad</span> <span class='ocrx_word' id='word_1_141' title='bbox 1220 1289 1399 1328; x_wconf 90' lang='lat' dir='ltr'>nihilum</span> <span class='ocrx_word' id='word_1_142' title='bbox 1434 1295 1534 1328; x_wconf 89' lang='lat' dir='ltr'>sunt</span> <span class='ocrx_word' id='word_1_143' title='bbox 1566 1286 1789 1341; x_wconf 84' lang='lat' dir='ltr'>redacta.1)</span> <span class='ocrx_word' id='word_1_144' title='bbox 1815 1287 2019 1329; x_wconf 90' lang='lat' dir='ltr'>Monachi</span> <span class='ocrx_word' id='word_1_145' title='bbox 2041 1302 2218 1342; x_wconf 90' lang='lat' dir='ltr'>quoque</span> 
     </span>
     <span class='ocr_line' id='line_1_19' title="bbox 393 1344 2219 1401; baseline -0.001 -12"><span class='ocrx_word' id='word_1_146' title='bbox 393 1358 434 1389; x_wconf 92' lang='lat' dir='ltr'>et</span> <span class='ocrx_word' id='word_1_147' title='bbox 466 1350 612 1389; x_wconf 87' lang='lat' dir='ltr'>fratres</span> <span class='ocrx_word' id='word_1_148' title='bbox 645 1349 1005 1389; x_wconf 89' lang='lat' dir='ltr'>Monasteriorum</span> <span class='ocrx_word' id='word_1_149' title='bbox 1040 1356 1081 1388; x_wconf 89' lang='lat' dir='ltr'>et</span> <span class='ocrx_word' id='word_1_150' title='bbox 1114 1349 1311 1388; x_wconf 92' lang='lat' dir='ltr'>locorum</span> <span class='ocrx_word' id='word_1_151' title='bbox 1346 1344 1680 1401; x_wconf 81' lang='lat' dir='ltr'>predictorum2)</span> <span class='ocrx_word' id='word_1_152' title='bbox 1714 1349 1947 1388; x_wconf 88' lang='lat' dir='ltr'>occasione</span> <span class='ocrx_word' id='word_1_153' title='bbox 1967 1347 2219 1388; x_wconf 90' lang='lat' dir='ltr'>huiusmodi</span> 
     </span>
     <span class='ocr_line' id='line_1_20' title="bbox 393 1407 2216 1459; baseline -0.001 -11"><span class='ocrx_word' id='word_1_154' title='bbox 393 1422 472 1448; x_wconf 91' lang='lat' dir='ltr'>nec</span> <span class='ocrx_word' id='word_1_155' title='bbox 505 1409 614 1457; x_wconf 90' lang='lat' dir='ltr'>Deo,</span> <span class='ocrx_word' id='word_1_156' title='bbox 646 1421 725 1447; x_wconf 89' lang='lat' dir='ltr'>nec</span> <span class='ocrx_word' id='word_1_157' title='bbox 759 1407 1006 1449; x_wconf 90' lang='lat' dir='ltr'>Christianis</span> <span class='ocrx_word' id='word_1_158' title='bbox 1027 1407 1252 1459; x_wconf 88' lang='lat' dir='ltr'>proficere,</span> <span class='ocrx_word' id='word_1_159' title='bbox 1284 1420 1365 1447; x_wconf 92' lang='lat' dir='ltr'>nec</span> <span class='ocrx_word' id='word_1_160' title='bbox 1399 1409 1527 1446; x_wconf 90' lang='lat' dir='ltr'>etiam</span> <span class='ocrx_word' id='word_1_161' title='bbox 1560 1407 1821 1446; x_wconf 86' lang='lat' dir='ltr'>Monasteria</span> <span class='ocrx_word' id='word_1_162' title='bbox 1848 1413 1890 1446; x_wconf 90' lang='lat' dir='ltr'>et</span> <span class='ocrx_word' id='word_1_163' title='bbox 1906 1407 2004 1447; x_wconf 87' lang='lat' dir='ltr'>loca</span> <span class='ocrx_word' id='word_1_164' title='bbox 2023 1408 2216 1459; x_wconf 89' lang='lat' dir='ltr'>ipsorum</span> 
     </span>
     <span class='ocr_line' id='line_1_21' title="bbox 393 1466 2219 1519; baseline -0.001 -12"><span class='ocrx_word' id='word_1_165' title='bbox 393 1468 628 1508; x_wconf 90' lang='lat' dir='ltr'>commode</span> <span class='ocrx_word' id='word_1_166' title='bbox 662 1469 855 1518; x_wconf 88' lang='lat' dir='ltr'>optinere</span> <span class='ocrx_word' id='word_1_167' title='bbox 888 1467 1078 1506; x_wconf 91' lang='lat' dir='ltr'>valentes</span> <span class='ocrx_word' id='word_1_168' title='bbox 1116 1474 1339 1506; x_wconf 90' lang='lat' dir='ltr'>remanent</span> <span class='ocrx_word' id='word_1_169' title='bbox 1382 1466 1629 1518; x_wconf 87' lang='lat' dir='ltr'>vagabundi</span> <span class='ocrx_word' id='word_1_170' title='bbox 1679 1472 1858 1517; x_wconf 89' lang='lat' dir='ltr'>propter</span> <span class='ocrx_word' id='word_1_171' title='bbox 1906 1466 2027 1519; x_wconf 93' lang='lat' dir='ltr'>quod</span> <span class='ocrx_word' id='word_1_172' title='bbox 2078 1466 2219 1506; x_wconf 91' lang='lat' dir='ltr'>cultus</span> 
     </span>
     <span class='ocr_line' id='line_1_22' title="bbox 394 1523 2220 1577; baseline -0.001 -11"><span class='ocrx_word' id='word_1_173' title='bbox 394 1527 560 1567; x_wconf 90' lang='lat' dir='ltr'>divinus</span> <span class='ocrx_word' id='word_1_174' title='bbox 594 1535 635 1566; x_wconf 91' lang='lat' dir='ltr'>et</span> <span class='ocrx_word' id='word_1_175' title='bbox 667 1526 776 1566; x_wconf 90' lang='lat' dir='ltr'>fides</span> <span class='ocrx_word' id='word_1_176' title='bbox 810 1527 1035 1566; x_wconf 88' lang='lat' dir='ltr'>christiana</span> <span class='ocrx_word' id='word_1_177' title='bbox 1069 1528 1108 1564; x_wconf 94' lang='lat' dir='ltr'>in</span> <span class='ocrx_word' id='word_1_178' title='bbox 1143 1526 1222 1565; x_wconf 92' lang='lat' dir='ltr'>illis</span> <span class='ocrx_word' id='word_1_179' title='bbox 1255 1526 1446 1577; x_wconf 89' lang='lat' dir='ltr'>partibus</span> <span class='ocrx_word' id='word_1_180' title='bbox 1481 1526 1694 1564; x_wconf 91' lang='lat' dir='ltr'>minuitur.</span> <span class='ocrx_word' id='word_1_181' title='bbox 1745 1523 1856 1566; x_wconf 88' lang='lat' dir='ltr'>Cum</span> <span class='ocrx_word' id='word_1_182' title='bbox 1907 1531 2066 1574; x_wconf 90' lang='lat' dir='ltr'>autem,</span> <span class='ocrx_word' id='word_1_183' title='bbox 2109 1526 2220 1565; x_wconf 87' lang='lat' dir='ltr'>sicut</span> 
     </span>
     <span class='ocr_line' id='line_1_23' title="bbox 394 1583 2218 1638; baseline -0.002 -13"><span class='ocrx_word' id='word_1_184' title='bbox 394 1586 640 1625; x_wconf 88' lang='lat' dir='ltr'>huiusmodi</span> <span class='ocrx_word' id='word_1_185' title='bbox 674 1585 900 1625; x_wconf 90' lang='lat' dir='ltr'>insinuatio</span> <span class='ocrx_word' id='word_1_186' title='bbox 934 1585 1224 1637; x_wconf 89' lang='lat' dir='ltr'>subiungebat</span> <span class='ocrx_word' id='word_1_187' title='bbox 1256 1585 1298 1624; x_wconf 93' lang='lat' dir='ltr'>in</span> <span class='ocrx_word' id='word_1_188' title='bbox 1340 1583 1585 1624; x_wconf 89' lang='lat' dir='ltr'>confinibus</span> <span class='ocrx_word' id='word_1_189' title='bbox 1635 1590 1677 1623; x_wconf 91' lang='lat' dir='ltr'>et</span> <span class='ocrx_word' id='word_1_190' title='bbox 1727 1584 1839 1624; x_wconf 90' lang='lat' dir='ltr'>eirca</span> <span class='ocrx_word' id='word_1_191' title='bbox 1888 1591 2031 1636; x_wconf 91' lang='lat' dir='ltr'>partes</span> <span class='ocrx_word' id='word_1_192' title='bbox 2081 1584 2218 1638; x_wconf 86' lang='lat' dir='ltr'>Regni</span> 
     </span>
     <span class='ocr_line' id='line_1_24' title="bbox 394 1643 2218 1696; baseline -0.001 -12"><span class='ocrx_word' id='word_1_193' title='bbox 394 1645 569 1684; x_wconf 89' lang='lat' dir='ltr'>Boemie</span> <span class='ocrx_word' id='word_1_194' title='bbox 603 1657 687 1696; x_wconf 92' lang='lat' dir='ltr'>que</span> <span class='ocrx_word' id='word_1_195' title='bbox 720 1644 775 1683; x_wconf 90' lang='lat' dir='ltr'>de</span> <span class='ocrx_word' id='word_1_196' title='bbox 809 1643 962 1683; x_wconf 88' lang='lat' dir='ltr'>eadem</span> <span class='ocrx_word' id='word_1_197' title='bbox 997 1644 1140 1696; x_wconf 86' lang='lat' dir='ltr'>lingua</span> <span class='ocrx_word' id='word_1_198' title='bbox 1173 1651 1214 1683; x_wconf 90' lang='lat' dir='ltr'>et</span> <span class='ocrx_word' id='word_1_199' title='bbox 1247 1644 1408 1696; x_wconf 90' lang='lat' dir='ltr'>vulgari</span> <span class='ocrx_word' id='word_1_200' title='bbox 1442 1645 1646 1691; x_wconf 84' lang='lat' dir='ltr'>existunt,</span> <span class='ocrx_word' id='word_1_201' title='bbox 1677 1650 1777 1682; x_wconf 92' lang='lat' dir='ltr'>sunt</span> <span class='ocrx_word' id='word_1_202' title='bbox 1821 1643 1944 1683; x_wconf 91' lang='lat' dir='ltr'>multi</span> <span class='ocrx_word' id='word_1_203' title='bbox 1987 1644 2218 1683; x_wconf 86' lang='lat' dir='ltr'>scismatici</span> 
     </span>
     <span class='ocr_line' id='line_1_25' title="bbox 395 1701 2219 1755; baseline -0.001 -13"><span class='ocrx_word' id='word_1_204' title='bbox 395 1710 435 1742; x_wconf 91' lang='lat' dir='ltr'>et</span> <span class='ocrx_word' id='word_1_205' title='bbox 468 1703 689 1751; x_wconf 89' lang='lat' dir='ltr'>infedeles,</span> <span class='ocrx_word' id='word_1_206' title='bbox 722 1705 793 1755; x_wconf 89' lang='lat' dir='ltr'>qui</span> <span class='ocrx_word' id='word_1_207' title='bbox 827 1716 925 1742; x_wconf 91' lang='lat' dir='ltr'>cum</span> <span class='ocrx_word' id='word_1_208' title='bbox 960 1704 1020 1742; x_wconf 91' lang='lat' dir='ltr'>eis</span> <span class='ocrx_word' id='word_1_209' title='bbox 1053 1715 1172 1742; x_wconf 86' lang='lat' dir='ltr'>sacra</span> <span class='ocrx_word' id='word_1_210' title='bbox 1204 1703 1413 1755; x_wconf 89' lang='lat' dir='ltr'>scriptura</span> <span class='ocrx_word' id='word_1_211' title='bbox 1456 1702 1584 1741; x_wconf 87' lang='lat' dir='ltr'>latine</span> <span class='ocrx_word' id='word_1_212' title='bbox 1646 1701 1813 1750; x_wconf 87' lang='lat' dir='ltr'>dicitur,</span> <span class='ocrx_word' id='word_1_213' title='bbox 1858 1703 2103 1754; x_wconf 85' lang='lat' dir='ltr'>exponitur,</span> <span class='ocrx_word' id='word_1_214' title='bbox 2153 1703 2219 1742; x_wconf 91' lang='lat' dir='ltr'>vel</span> 
     </span>
     <span class='ocr_line' id='line_1_26' title="bbox 395 1760 2217 1814; baseline -0.001 -13"><span class='ocrx_word' id='word_1_215' title='bbox 395 1762 649 1813; x_wconf 86' lang='lat' dir='ltr'>predicatur,</span> <span class='ocrx_word' id='word_1_216' title='bbox 683 1774 761 1801; x_wconf 92' lang='lat' dir='ltr'>nec</span> <span class='ocrx_word' id='word_1_217' title='bbox 795 1762 1032 1814; x_wconf 84' lang='lat' dir='ltr'>intelligere</span> <span class='ocrx_word' id='word_1_218' title='bbox 1065 1763 1214 1801; x_wconf 91' lang='lat' dir='ltr'>volunt</span> <span class='ocrx_word' id='word_1_219' title='bbox 1247 1774 1327 1801; x_wconf 91' lang='lat' dir='ltr'>nec</span> <span class='ocrx_word' id='word_1_220' title='bbox 1373 1761 1612 1801; x_wconf 89' lang='lat' dir='ltr'>commode</span> <span class='ocrx_word' id='word_1_221' title='bbox 1655 1761 1710 1800; x_wconf 91' lang='lat' dir='ltr'>ad</span> <span class='ocrx_word' id='word_1_222' title='bbox 1760 1760 1894 1801; x_wconf 90' lang='lat' dir='ltr'>fidem</span> <span class='ocrx_word' id='word_1_223' title='bbox 1945 1761 2217 1811; x_wconf 84' lang='lat' dir='ltr'>christianam</span> 
     </span>
     <span class='ocr_line' id='line_1_27' title="bbox 396 1820 2217 1873; baseline 0 -13"><span class='ocrx_word' id='word_1_224' title='bbox 396 1828 576 1872; x_wconf 87' lang='lat' dir='ltr'>possunt</span> <span class='ocrx_word' id='word_1_225' title='bbox 611 1822 815 1869; x_wconf 88' lang='lat' dir='ltr'>converti,</span> <span class='ocrx_word' id='word_1_226' title='bbox 847 1821 1040 1872; x_wconf 87' lang='lat' dir='ltr'>dictique</span> <span class='ocrx_word' id='word_1_227' title='bbox 1072 1820 1274 1860; x_wconf 89' lang='lat' dir='ltr'>Monachi</span> <span class='ocrx_word' id='word_1_228' title='bbox 1309 1828 1350 1860; x_wconf 88' lang='lat' dir='ltr'>et</span> <span class='ocrx_word' id='word_1_229' title='bbox 1382 1820 1531 1859; x_wconf 86' lang='lat' dir='ltr'>fratres</span> <span class='ocrx_word' id='word_1_230' title='bbox 1558 1820 1755 1873; x_wconf 90' lang='lat' dir='ltr'>vulgares</span> <span class='ocrx_word' id='word_1_231' title='bbox 1777 1820 2071 1872; x_wconf 86' lang='lat' dir='ltr'>predicatores</span> <span class='ocrx_word' id='word_1_232' title='bbox 2091 1821 2217 1860; x_wconf 87' lang='lat' dir='ltr'>ritum</span> 
     </span>
     <span class='ocr_line' id='line_1_28' title="bbox 395 1878 2217 1932; baseline 0 -14"><span class='ocrx_word' id='word_1_233' title='bbox 395 1880 637 1931; x_wconf 89' lang='lat' dir='ltr'>predictum</span> <span class='ocrx_word' id='word_1_234' title='bbox 673 1880 879 1919; x_wconf 88' lang='lat' dir='ltr'>habentes</span> <span class='ocrx_word' id='word_1_235' title='bbox 913 1881 952 1918; x_wconf 93' lang='lat' dir='ltr'>in</span> <span class='ocrx_word' id='word_1_236' title='bbox 987 1880 1104 1919; x_wconf 91' lang='lat' dir='ltr'>dicto</span> <span class='ocrx_word' id='word_1_237' title='bbox 1138 1892 1286 1932; x_wconf 87' lang='lat' dir='ltr'>regno,</span> <span class='ocrx_word' id='word_1_238' title='bbox 1319 1888 1360 1919; x_wconf 92' lang='lat' dir='ltr'>et</span> <span class='ocrx_word' id='word_1_239' title='bbox 1393 1880 1526 1930; x_wconf 92' lang='lat' dir='ltr'>ipsius</span> <span class='ocrx_word' id='word_1_240' title='bbox 1559 1878 1805 1919; x_wconf 89' lang='lat' dir='ltr'>confinibus</span> <span class='ocrx_word' id='word_1_241' title='bbox 1849 1892 2020 1919; x_wconf 91' lang='lat' dir='ltr'>summe</span> <span class='ocrx_word' id='word_1_242' title='bbox 2069 1891 2217 1919; x_wconf 88' lang='lat' dir='ltr'>neces·</span> 
     </span>
     <span class='ocr_line' id='line_1_29' title="bbox 396 1938 2218 1991; baseline 0.001 -14"><span class='ocrx_word' id='word_1_243' title='bbox 396 1940 488 1977; x_wconf 89' lang='lat' dir='ltr'>sarii</span> <span class='ocrx_word' id='word_1_244' title='bbox 522 1946 563 1977; x_wconf 89' lang='lat' dir='ltr'>et</span> <span class='ocrx_word' id='word_1_245' title='bbox 596 1939 719 1978; x_wconf 89' lang='lat' dir='ltr'>utiles</span> <span class='ocrx_word' id='word_1_246' title='bbox 753 1952 829 1989; x_wconf 88' lang='lat' dir='ltr'>pro</span> <span class='ocrx_word' id='word_1_247' title='bbox 863 1938 942 1978; x_wconf 88' lang='lat' dir='ltr'>Dei</span> <span class='ocrx_word' id='word_1_248' title='bbox 976 1939 1104 1978; x_wconf 91' lang='lat' dir='ltr'>laude</span> <span class='ocrx_word' id='word_1_249' title='bbox 1138 1946 1178 1978; x_wconf 92' lang='lat' dir='ltr'>et</span> <span class='ocrx_word' id='word_1_250' title='bbox 1210 1940 1563 1991; x_wconf 85' lang='lat' dir='ltr'>augmentatione</span> <span class='ocrx_word' id='word_1_251' title='bbox 1597 1938 1825 1978; x_wconf 91' lang='lat' dir='ltr'>christiane</span> <span class='ocrx_word' id='word_1_252' title='bbox 1856 1938 1959 1978; x_wconf 90' lang='lat' dir='ltr'>fidei</span> <span class='ocrx_word' id='word_1_253' title='bbox 1992 1951 2088 1978; x_wconf 87' lang='lat' dir='ltr'>esse</span> <span class='ocrx_word' id='word_1_254' title='bbox 2120 1951 2218 1978; x_wconf 88' lang='lat' dir='ltr'>nos-</span> 
     </span>
     <span class='ocr_line' id='line_1_30' title="bbox 397 1997 2220 2048; baseline 0 -12"><span class='ocrx_word' id='word_1_255' title='bbox 397 2005 555 2036; x_wconf 89' lang='lat' dir='ltr'>cantur.</span> <span class='ocrx_word' id='word_1_256' title='bbox 588 1997 707 2037; x_wconf 89' lang='lat' dir='ltr'>Idem</span> <span class='ocrx_word' id='word_1_257' title='bbox 742 1997 933 2037; x_wconf 90' lang='lat' dir='ltr'>Marchio</span> <span class='ocrx_word' id='word_1_258' title='bbox 967 1998 1092 2037; x_wconf 93' lang='lat' dir='ltr'>nobis</span> <span class='ocrx_word' id='word_1_259' title='bbox 1126 1998 1343 2037; x_wconf 89' lang='lat' dir='ltr'>humiliter</span> <span class='ocrx_word' id='word_1_260' title='bbox 1375 1997 1646 2048; x_wconf 90' lang='lat' dir='ltr'>supplicavit,</span> <span class='ocrx_word' id='word_1_261' title='bbox 1679 2003 1724 2036; x_wconf 92' lang='lat' dir='ltr'>ut</span> <span class='ocrx_word' id='word_1_262' title='bbox 1757 1997 1925 2037; x_wconf 89' lang='lat' dir='ltr'>eisdem</span> <span class='ocrx_word' id='word_1_263' title='bbox 1959 1997 2158 2037; x_wconf 88' lang='lat' dir='ltr'>fratribus</span> <span class='ocrx_word' id='word_1_264' title='bbox 2179 2004 2220 2036; x_wconf 89' lang='lat' dir='ltr'>et</span> 
     </span>
     <span class='ocr_line' id='line_1_31' title="bbox 396 2055 2233 2111; baseline 0.001 -17"><span class='ocrx_word' id='word_1_265' title='bbox 396 2056 634 2108; x_wconf 85' lang='lat' dir='ltr'>Religiosis,</span> <span class='ocrx_word' id='word_1_266' title='bbox 677 2056 796 2107; x_wconf 87' lang='lat' dir='ltr'>quod</span> <span class='ocrx_word' id='word_1_267' title='bbox 830 2058 870 2095; x_wconf 89' lang='lat' dir='ltr'>in</span> <span class='ocrx_word' id='word_1_268' title='bbox 903 2068 1037 2108; x_wconf 91' lang='lat' dir='ltr'>regno</span> <span class='ocrx_word' id='word_1_269' title='bbox 1070 2057 1248 2096; x_wconf 92' lang='lat' dir='ltr'>Boemie</span> <span class='ocrx_word' id='word_1_270' title='bbox 1281 2064 1323 2096; x_wconf 89' lang='lat' dir='ltr'>et</span> <span class='ocrx_word' id='word_1_271' title='bbox 1356 2055 1601 2096; x_wconf 89' lang='lat' dir='ltr'>confinibus</span> <span class='ocrx_word' id='word_1_272' title='bbox 1633 2068 1763 2107; x_wconf 91' lang='lat' dir='ltr'>supra</span> <span class='ocrx_word' id='word_1_273' title='bbox 1783 2056 1909 2096; x_wconf 88' lang='lat' dir='ltr'>dictis</span> <span class='ocrx_word' id='word_1_274' title='bbox 1929 2056 2026 2096; x_wconf 88' lang='lat' dir='ltr'>loca</span> <span class='ocrx_word' id='word_1_275' title='bbox 2046 2056 2233 2111; x_wconf 23' lang='lat' dir='ltr'>eligere,-</span> 
     </span>
     <span class='ocr_line' id='line_1_32' title="bbox 397 2115 2218 2167; baseline 0.001 -14"><span class='ocrx_word' id='word_1_276' title='bbox 397 2116 436 2153; x_wconf 89' lang='lat' dir='ltr'>in</span> <span class='ocrx_word' id='word_1_277' title='bbox 471 2115 627 2167; x_wconf 90' lang='lat' dir='ltr'>quibus</span> <span class='ocrx_word' id='word_1_278' title='bbox 660 2123 701 2154; x_wconf 92' lang='lat' dir='ltr'>et</span> <span class='ocrx_word' id='word_1_279' title='bbox 735 2116 845 2154; x_wconf 88' lang='lat' dir='ltr'>circa</span> <span class='ocrx_word' id='word_1_280' title='bbox 890 2128 974 2167; x_wconf 88' lang='lat' dir='ltr'>que</span> <span class='ocrx_word' id='word_1_281' title='bbox 1019 2117 1185 2166; x_wconf 89' lang='lat' dir='ltr'>possint</span> <span class='ocrx_word' id='word_1_282' title='bbox 1237 2124 1346 2155; x_wconf 89' lang='lat' dir='ltr'>stare</span> <span class='ocrx_word' id='word_1_283' title='bbox 1398 2122 1439 2155; x_wconf 90' lang='lat' dir='ltr'>et</span> <span class='ocrx_word' id='word_1_284' title='bbox 1490 2116 1642 2155; x_wconf 88' lang='lat' dir='ltr'>missas</span> <span class='ocrx_word' id='word_1_285' title='bbox 1693 2115 1925 2164; x_wconf 86' lang='lat' dir='ltr'>celebrare,</span> <span class='ocrx_word' id='word_1_286' title='bbox 1974 2115 2218 2155; x_wconf 91' lang='lat' dir='ltr'>secundum</span> 
     </span>
     <span class='ocr_line' id='line_1_33' title="bbox 397 2174 2219 2226; baseline 0.001 -15"><span class='ocrx_word' id='word_1_287' title='bbox 397 2175 521 2212; x_wconf 89' lang='lat' dir='ltr'>ritum</span> <span class='ocrx_word' id='word_1_288' title='bbox 556 2181 596 2212; x_wconf 91' lang='lat' dir='ltr'>et</span> <span class='ocrx_word' id='word_1_289' title='bbox 629 2174 972 2213; x_wconf 90' lang='lat' dir='ltr'>consuetudinen</span> <span class='ocrx_word' id='word_1_290' title='bbox 1008 2176 1190 2225; x_wconf 89' lang='lat' dir='ltr'>partium</span> <span class='ocrx_word' id='word_1_291' title='bbox 1226 2176 1414 2226; x_wconf 91' lang='lat' dir='ltr'>ipsarum</span> <span class='ocrx_word' id='word_1_292' title='bbox 1437 2175 1653 2214; x_wconf 88' lang='lat' dir='ltr'>licentiam</span> <span class='ocrx_word' id='word_1_293' title='bbox 1688 2174 1933 2214; x_wconf 91' lang='lat' dir='ltr'>concedere</span> <span class='ocrx_word' id='word_1_294' title='bbox 1966 2174 2023 2214; x_wconf 92' lang='lat' dir='ltr'>de</span> <span class='ocrx_word' id='word_1_295' title='bbox 2043 2174 2219 2225; x_wconf 87' lang='lat' dir='ltr'>speciali</span> 
     </span>
     <span class='ocr_line' id='line_1_34' title="bbox 398 2232 2218 2284; baseline 0.001 -14"><span class='ocrx_word' id='word_1_296' title='bbox 398 2234 527 2284; x_wconf 79' lang='lat' dir='ltr'>gratia</span> <span class='ocrx_word' id='word_1_297' title='bbox 555 2232 839 2284; x_wconf 87' lang='lat' dir='ltr'>dignaremur.</span> <span class='ocrx_word' id='word_1_298' title='bbox 862 2232 953 2272; x_wconf 94' lang='lat' dir='ltr'>Nos</span> <span class='ocrx_word' id='word_1_299' title='bbox 976 2234 1101 2283; x_wconf 81' lang='lat' dir='ltr'>igitur</span> <span class='ocrx_word' id='word_1_300' title='bbox 1123 2233 1177 2273; x_wconf 92' lang='lat' dir='ltr'>de</span> <span class='ocrx_word' id='word_1_301' title='bbox 1200 2234 1404 2284; x_wconf 89' lang='lat' dir='ltr'>predictis</span> <span class='ocrx_word' id='word_1_302' title='bbox 1420 2234 1617 2273; x_wconf 90' lang='lat' dir='ltr'>notitiam</span> <span class='ocrx_word' id='word_1_303' title='bbox 1633 2246 1720 2273; x_wconf 91' lang='lat' dir='ltr'>non</span> <span class='ocrx_word' id='word_1_304' title='bbox 1742 2233 1952 2272; x_wconf 89' lang='lat' dir='ltr'>habentes</span> <span class='ocrx_word' id='word_1_305' title='bbox 1971 2233 2218 2272; x_wconf 84' lang='lat' dir='ltr'>fraternitati</span> 
     </span>
     <span class='ocr_line' id='line_1_35' title="bbox 396 2291 2219 2345; baseline 0.001 -16"><span class='ocrx_word' id='word_1_306' title='bbox 396 2298 480 2337; x_wconf 89' lang='lat' dir='ltr'>tue,</span> <span class='ocrx_word' id='word_1_307' title='bbox 501 2291 555 2329; x_wconf 89' lang='lat' dir='ltr'>de</span> <span class='ocrx_word' id='word_1_308' title='bbox 589 2304 672 2342; x_wconf 87' lang='lat' dir='ltr'>qua</span> <span class='ocrx_word' id='word_1_309' title='bbox 705 2292 876 2342; x_wconf 90' lang='lat' dir='ltr'>plenam</span> <span class='ocrx_word' id='word_1_310' title='bbox 910 2293 950 2330; x_wconf 93' lang='lat' dir='ltr'>in</span> <span class='ocrx_word' id='word_1_311' title='bbox 985 2291 1176 2331; x_wconf 89' lang='lat' dir='ltr'>Domino</span> <span class='ocrx_word' id='word_1_312' title='bbox 1210 2291 1413 2332; x_wconf 88' lang='lat' dir='ltr'>fiduciam</span> <span class='ocrx_word' id='word_1_313' title='bbox 1450 2293 1651 2345; x_wconf 88' lang='lat' dir='ltr'>gerimus,</span> <span class='ocrx_word' id='word_1_314' title='bbox 1684 2292 1851 2332; x_wconf 91' lang='lat' dir='ltr'>eisdem</span> <span class='ocrx_word' id='word_1_315' title='bbox 1883 2291 2111 2332; x_wconf 89' lang='lat' dir='ltr'>Monachis</span> <span class='ocrx_word' id='word_1_316' title='bbox 2143 2304 2219 2331; x_wconf 90' lang='lat' dir='ltr'>seu</span> 
     </span>
     <span class='ocr_line' id='line_1_36' title="bbox 398 2349 2216 2402; baseline 0.001 -15"><span class='ocrx_word' id='word_1_317' title='bbox 398 2349 593 2388; x_wconf 81' lang='lat' dir='ltr'>fratribus</span> <span class='ocrx_word' id='word_1_318' title='bbox 626 2349 727 2388; x_wconf 89' lang='lat' dir='ltr'>dicti</span> <span class='ocrx_word' id='word_1_319' title='bbox 761 2351 892 2389; x_wconf 89' lang='lat' dir='ltr'>sancti</span> <span class='ocrx_word' id='word_1_320' title='bbox 928 2350 1149 2391; x_wconf 87' lang='lat' dir='ltr'>Benedicti</span> <span class='ocrx_word' id='word_1_321' title='bbox 1183 2352 1248 2390; x_wconf 91' lang='lat' dir='ltr'>vel</span> <span class='ocrx_word' id='word_1_322' title='bbox 1281 2353 1453 2391; x_wconf 88' lang='lat' dir='ltr'>alterius</span> <span class='ocrx_word' id='word_1_323' title='bbox 1487 2351 1649 2391; x_wconf 88' lang='lat' dir='ltr'>ordinis</span> <span class='ocrx_word' id='word_1_324' title='bbox 1701 2364 1779 2402; x_wconf 90' lang='lat' dir='ltr'>per</span> <span class='ocrx_word' id='word_1_325' title='bbox 1827 2351 1978 2391; x_wconf 91' lang='lat' dir='ltr'>sedem</span> <span class='ocrx_word' id='word_1_326' title='bbox 2033 2351 2216 2390; x_wconf 87' lang='lat' dir='ltr'>eandem</span> 
     </span>
     <span class='ocr_line' id='line_1_37' title="bbox 397 2409 2219 2463; baseline 0.001 -17"><span class='ocrx_word' id='word_1_327' title='bbox 397 2409 656 2458; x_wconf 86' lang='lat' dir='ltr'>approbatis,</span> <span class='ocrx_word' id='word_1_328' title='bbox 689 2409 925 2459; x_wconf 90' lang='lat' dir='ltr'>recipiendi</span> <span class='ocrx_word' id='word_1_329' title='bbox 959 2422 1091 2449; x_wconf 90' lang='lat' dir='ltr'>unum</span> <span class='ocrx_word' id='word_1_330' title='bbox 1135 2411 1279 2449; x_wconf 93' lang='lat' dir='ltr'>locum</span> <span class='ocrx_word' id='word_1_331' title='bbox 1333 2411 1545 2450; x_wconf 84' lang='lat' dir='ltr'>duntaxat</span> <span class='ocrx_word' id='word_1_332' title='bbox 1577 2411 1619 2449; x_wconf 93' lang='lat' dir='ltr'>in</span> <span class='ocrx_word' id='word_1_333' title='bbox 1671 2410 1790 2449; x_wconf 91' lang='lat' dir='ltr'>dicto</span> <span class='ocrx_word' id='word_1_334' title='bbox 1823 2422 1958 2463; x_wconf 90' lang='lat' dir='ltr'>regno</span> <span class='ocrx_word' id='word_1_335' title='bbox 2009 2410 2076 2449; x_wconf 85' lang='lat' dir='ltr'>vel</span> <span class='ocrx_word' id='word_1_336' title='bbox 2127 2409 2219 2462; x_wconf 89' lang='lat' dir='ltr'>ejus</span> 
     </span>
     <span class='ocr_line' id='line_1_38' title="bbox 398 2466 2218 2520; baseline 0.002 -16"><span class='ocrx_word' id='word_1_337' title='bbox 398 2466 651 2513; x_wconf 86' lang='lat' dir='ltr'>confinibus,</span> <span class='ocrx_word' id='word_1_338' title='bbox 684 2469 724 2506; x_wconf 90' lang='lat' dir='ltr'>in</span> <span class='ocrx_word' id='word_1_339' title='bbox 758 2480 845 2519; x_wconf 89' lang='lat' dir='ltr'>quo</span> <span class='ocrx_word' id='word_1_340' title='bbox 878 2480 1044 2507; x_wconf 88' lang='lat' dir='ltr'>servare</span> <span class='ocrx_word' id='word_1_341' title='bbox 1079 2469 1243 2508; x_wconf 87' lang='lat' dir='ltr'>valeant</span> <span class='ocrx_word' id='word_1_342' title='bbox 1276 2469 1442 2508; x_wconf 91' lang='lat' dir='ltr'>dictum</span> <span class='ocrx_word' id='word_1_343' title='bbox 1476 2471 1617 2517; x_wconf 88' lang='lat' dir='ltr'>ritum,</span> <span class='ocrx_word' id='word_1_344' title='bbox 1648 2469 1750 2508; x_wconf 90' lang='lat' dir='ltr'>alias</span> <span class='ocrx_word' id='word_1_345' title='bbox 1782 2475 1928 2508; x_wconf 88' lang='lat' dir='ltr'>tamen</span> <span class='ocrx_word' id='word_1_346' title='bbox 1961 2481 2038 2520; x_wconf 87' lang='lat' dir='ltr'>per</span> <span class='ocrx_word' id='word_1_347' title='bbox 2078 2466 2218 2520; x_wconf 84' lang='lat' dir='ltr'>(Apo-</span> 
     </span>
     <span class='ocr_line' id='line_1_39' title="bbox 396 2523 2218 2578; baseline 0.001 -14"><span class='ocrx_word' id='word_1_348' title='bbox 396 2523 610 2577; x_wconf 90' lang='lat' dir='ltr'>stolicam)</span> <span class='ocrx_word' id='word_1_349' title='bbox 644 2524 808 2565; x_wconf 88' lang='lat' dir='ltr'>Sedem</span> <span class='ocrx_word' id='word_1_350' title='bbox 859 2528 1161 2577; x_wconf 87' lang='lat' dir='ltr'>approbatum,</span> <span class='ocrx_word' id='word_1_351' title='bbox 1206 2528 1391 2568; x_wconf 91' lang='lat' dir='ltr'>eandem</span> <span class='ocrx_word' id='word_1_352' title='bbox 1424 2529 1676 2567; x_wconf 89' lang='lat' dir='ltr'>auctoritate</span> <span class='ocrx_word' id='word_1_353' title='bbox 1708 2534 1854 2567; x_wconf 89' lang='lat' dir='ltr'>nostra</span> <span class='ocrx_word' id='word_1_354' title='bbox 1886 2527 2106 2567; x_wconf 88' lang='lat' dir='ltr'>concedas</span> <span class='ocrx_word' id='word_1_355' title='bbox 2128 2527 2218 2578; x_wconf 90' lang='lat' dir='ltr'>ple-</span> 
     </span>
     <span class='ocr_line' id='line_1_40' title="bbox 395 2584 2221 2637; baseline 0.001 -15"><span class='ocrx_word' id='word_1_356' title='bbox 395 2596 493 2622; x_wconf 87' lang='lat' dir='ltr'>nam</span> <span class='ocrx_word' id='word_1_357' title='bbox 529 2591 569 2623; x_wconf 89' lang='lat' dir='ltr'>et</span> <span class='ocrx_word' id='word_1_358' title='bbox 602 2584 777 2623; x_wconf 88' lang='lat' dir='ltr'>liberam</span> <span class='ocrx_word' id='word_1_359' title='bbox 812 2585 1070 2632; x_wconf 86' lang='lat' dir='ltr'>facultatem</span> <span class='ocrx_word' id='word_1_360' title='bbox 1101 2586 1194 2635; x_wconf 87' lang='lat' dir='ltr'>jure</span> <span class='ocrx_word' id='word_1_361' title='bbox 1238 2595 1383 2626; x_wconf 88' lang='lat' dir='ltr'>tamen</span> <span class='ocrx_word' id='word_1_362' title='bbox 1424 2586 1684 2626; x_wconf 86' lang='lat' dir='ltr'>Parochialis</span> <span class='ocrx_word' id='word_1_363' title='bbox 1716 2585 1913 2626; x_wconf 83' lang='lat' dir='ltr'>Ecclesie</span> <span class='ocrx_word' id='word_1_364' title='bbox 1945 2587 2080 2637; x_wconf 86' lang='lat' dir='ltr'>ipsius</span> <span class='ocrx_word' id='word_1_365' title='bbox 2123 2585 2221 2634; x_wconf 89' lang='lat' dir='ltr'>loci,</span> 
     </span>
     <span class='ocr_line' id='line_1_41' title="bbox 398 2630 2243 2696; baseline 0.002 -16"><span class='ocrx_word' id='word_1_366' title='bbox 398 2655 527 2693; x_wconf 89' lang='lat' dir='ltr'>quem</span> <span class='ocrx_word' id='word_1_367' title='bbox 561 2649 606 2681; x_wconf 91' lang='lat' dir='ltr'>ut</span> <span class='ocrx_word' id='word_1_368' title='bbox 640 2644 894 2693; x_wconf 80' lang='lat' dir='ltr'>premittitur</span> <span class='ocrx_word' id='word_1_369' title='bbox 927 2645 1028 2683; x_wconf 86' lang='lat' dir='ltr'>dicti</span> <span class='ocrx_word' id='word_1_370' title='bbox 1062 2645 1264 2684; x_wconf 88' lang='lat' dir='ltr'>Monachi</span> <span class='ocrx_word' id='word_1_371' title='bbox 1296 2658 1373 2685; x_wconf 91' lang='lat' dir='ltr'>seu</span> <span class='ocrx_word' id='word_1_372' title='bbox 1406 2646 1554 2686; x_wconf 90' lang='lat' dir='ltr'>fratres</span> <span class='ocrx_word' id='word_1_373' title='bbox 1587 2652 1854 2696; x_wconf 85' lang='lat' dir='ltr'>receperunt,</span> <span class='ocrx_word' id='word_1_374' title='bbox 1896 2652 1938 2684; x_wconf 91' lang='lat' dir='ltr'>et</span> <span class='ocrx_word' id='word_1_375' title='bbox 1988 2630 2243 2684; x_wconf 82' lang='lat' dir='ltr'>cuiuslibet</span> 
     </span>
    </p>
   </div>
   <div class='ocr_carea' id='block_1_6' title="bbox 397 2701 2243 2815">
    <p class='ocr_par' dir='ltr' id='par_1_6' title="bbox 397 2701 2243 2815">
     <span class='ocr_line' id='line_1_42' title="bbox 397 2701 2243 2755; baseline 0.002 -17"><span class='ocrx_word' id='word_1_376' title='bbox 397 2701 567 2739; x_wconf 83' lang='lat' dir='ltr'>alterius</span> <span class='ocrx_word' id='word_1_377' title='bbox 599 2701 722 2740; x_wconf 89' lang='lat' dir='ltr'>alieni</span> <span class='ocrx_word' id='word_1_378' title='bbox 757 2703 796 2740; x_wconf 93' lang='lat' dir='ltr'>in</span> <span class='ocrx_word' id='word_1_379' title='bbox 842 2704 1043 2742; x_wconf 87' lang='lat' dir='ltr'>omnibus</span> <span class='ocrx_word' id='word_1_380' title='bbox 1095 2716 1268 2755; x_wconf 85' lang='lat' dir='ltr'>semper</span> <span class='ocrx_word' id='word_1_381' title='bbox 1317 2705 1444 2744; x_wconf 90' lang='lat' dir='ltr'>salvo.</span> <span class='ocrx_word' id='word_1_382' title='bbox 1499 2704 1660 2745; x_wconf 90' lang='lat' dir='ltr'>Datum</span> <span class='ocrx_word' id='word_1_383' title='bbox 1709 2702 1931 2744; x_wconf 90' lang='lat' dir='ltr'>Animone</span> <span class='ocrx_word' id='word_1_384' title='bbox 1983 2703 2072 2743; x_wconf 89' lang='lat' dir='ltr'>Vll.</span> <span class='ocrx_word' id='word_1_385' title='bbox 2123 2702 2243 2743; x_wconf 92' lang='lat' dir='ltr'>idus</span> 
     </span>
     <span class='ocr_line' id='line_1_43' title="bbox 398 2758 1336 2815; baseline 0.005 -17"><span class='ocrx_word' id='word_1_386' title='bbox 398 2758 508 2807; x_wconf 84' lang='lat' dir='ltr'>Maii,</span> <span class='ocrx_word' id='word_1_387' title='bbox 540 2759 816 2800; x_wconf 88' lang='lat' dir='ltr'>Pontificatus</span> <span class='ocrx_word' id='word_1_388' title='bbox 849 2760 992 2800; x_wconf 88' lang='lat' dir='ltr'>Nostri</span> <span class='ocrx_word' id='word_1_389' title='bbox 1025 2775 1138 2802; x_wconf 89' lang='lat' dir='ltr'>anno</span> <span class='ocrx_word' id='word_1_390' title='bbox 1173 2770 1336 2815; x_wconf 89' lang='lat' dir='ltr'>quarto.</span> 
     </span>
    </p>
   </div>
   <div class='ocr_carea' id='block_1_7' title="bbox 399 2838 2220 2927">
    <p class='ocr_par' dir='ltr' id='par_1_7' title="bbox 399 2838 2220 2927">
     <span class='ocr_line' id='line_1_44' title="bbox 509 2838 2220 2918; baseline 0.001 -47"><span class='ocrx_word' id='word_1_391' title='bbox 509 2838 596 2918; x_wconf 57' lang='lat' dir='ltr'>Ogix</span> <span class='ocrx_word' id='word_1_392' title='bbox 621 2839 793 2883; x_wconf 74' lang='lat' dir='ltr'>Registro</span> <span class='ocrx_word' id='word_1_393' title='bbox 821 2839 1013 2874; x_wconf 87' lang='lat' dir='ltr'>Slavorum</span> <span class='ocrx_word' id='word_1_394' title='bbox 1042 2843 1141 2885; x_wconf 88' lang='lat' dir='ltr'>apud</span> <span class='ocrx_word' id='word_1_395' title='bbox 1169 2842 1297 2882; x_wconf 85' lang='lat' dir='ltr'>Pelzel</span> <span class='ocrx_word' id='word_1_396' title='bbox 1325 2843 1457 2877; x_wconf 85' lang='lat' dir='ltr'>Kaiser</span> <span class='ocrx_word' id='word_1_397' title='bbox 1483 2843 1570 2877; x_wconf 88' lang='lat' dir='ltr'>Karl</span> <span class='ocrx_word' id='word_1_398' title='bbox 1597 2843 1664 2877; x_wconf 90' lang='lat' dir='ltr'>der</span> <span class='ocrx_word' id='word_1_399' title='bbox 1690 2843 1818 2876; x_wconf 85' lang='lat' dir='ltr'>Vierte</span> <span class='ocrx_word' id='word_1_400' title='bbox 1845 2842 1869 2876; x_wconf 94' lang='lat'>1.</span> <span class='ocrx_word' id='word_1_401' title='bbox 1896 2841 1977 2876; x_wconf 90' lang='lat' dir='ltr'>Thl.</span> <span class='ocrx_word' id='word_1_402' title='bbox 2003 2842 2097 2885; x_wconf 81' lang='lat' dir='ltr'>Prag</span> <span class='ocrx_word' id='word_1_403' title='bbox 2120 2844 2220 2876; x_wconf 90' lang='grc'><strong>1780.</strong></span> 
     </span>
     <span class='ocr_line' id='line_1_45' title="bbox 399 2896 616 2927; baseline 0 -10"><span class='ocrx_word' id='word_1_404' title='bbox 399 2896 480 2927; x_wconf 68' lang='lat' dir='ltr'>pag</span> <span class='ocrx_word' id='word_1_405' title='bbox 591 2897 616 2917; x_wconf 76' lang='grc' dir='ltr'><strong>ς</strong></span> 
     </span>
    </p>
   </div>
   <div class='ocr_carea' id='block_1_8' title="bbox 399 2933 2219 3122">
    <p class='ocr_par' dir='ltr' id='par_1_8' title="bbox 399 2933 2218 3028">
     <span class='ocr_line' id='line_1_46' title="bbox 540 2933 2218 2981; baseline 0.002 -16"><span class='ocrx_word' id='word_1_406' title='bbox 540 2936 566 2974; x_wconf 87' lang='lat'>¹)</span> <span class='ocrx_word' id='word_1_407' title='bbox 593 2933 731 2966; x_wconf 86' lang='lat' dir='ltr'>Bellum</span> <span class='ocrx_word' id='word_1_408' title='bbox 761 2945 895 2976; x_wconf 75' lang='lat' dir='ltr'>nempe</span> <span class='ocrx_word' id='word_1_409' title='bbox 923 2935 1102 2969; x_wconf 70' lang='lat' dir='ltr'>Ludoxici</span> <span class='ocrx_word' id='word_1_410' title='bbox 1140 2937 1162 2970; x_wconf 89' lang='grc' dir='ltr'>Ι.</span> <span class='ocrx_word' id='word_1_411' title='bbox 1200 2936 1413 2981; x_wconf 87' lang='lat' dir='ltr'>Hungariae</span> <span class='ocrx_word' id='word_1_412' title='bbox 1449 2937 1699 2981; x_wconf 87' lang='lat' dir='ltr'>Croatiaeque</span> <span class='ocrx_word' id='word_1_413' title='bbox 1733 2937 1830 2981; x_wconf 89' lang='lat' dir='ltr'>regis</span> <span class='ocrx_word' id='word_1_414' title='bbox 1866 2946 1951 2969; x_wconf 91' lang='lat' dir='ltr'>cum</span> <span class='ocrx_word' id='word_1_415' title='bbox 1987 2935 2145 2969; x_wconf 88' lang='lat' dir='ltr'>Venetis</span> <span class='ocrx_word' id='word_1_416' title='bbox 2184 2936 2218 2968; x_wconf 88' lang='lat' dir='ltr'>in</span> 
     </span>
     <span class='ocr_line' id='line_1_47' title="bbox 399 2979 2147 3034; baseline 0.002 -23"><span class='ocrx_word' id='word_1_417' title='bbox 399 2979 580 3012; x_wconf 85' lang='lat' dir='ltr'>Dalmatia</span> <span class='ocrx_word' id='word_1_418' title='bbox 607 2985 764 3021; x_wconf 75' lang='lat' dir='ltr'>gestum</span> <span class='ocrx_word' id='word_1_419' title='bbox 793 2980 864 3014; x_wconf 83' lang='lat' dir='ltr'>Cfr.</span> <span class='ocrx_word' id='word_1_420' title='bbox 892 2981 1047 3034; x_wconf 67' lang='lat' dir='ltr'>Vjesnilr</span> <span class='ocrx_word' id='word_1_421' title='bbox 1075 2984 1150 3016; x_wconf 89' lang='lat' dir='ltr'>hrv.</span> <span class='ocrx_word' id='word_1_422' title='bbox 1179 2984 1315 3017; x_wconf 90' lang='lat' dir='ltr'>arheol.</span> <span class='ocrx_word' id='word_1_423' title='bbox 1344 2983 1498 3017; x_wconf 87' lang='lat' dir='ltr'>d1uztva</span> <span class='ocrx_word' id='word_1_424' title='bbox 1532 2984 1572 3018; x_wconf 92' lang='lat' dir='ltr'>N.</span> <span class='ocrx_word' id='word_1_425' title='bbox 1601 2983 1637 3018; x_wconf 92' lang='lat' dir='ltr'>S</span> <span class='ocrx_word' id='word_1_426' title='bbox 1664 2984 1723 3018; x_wconf 89' lang='grc' dir='ltr'><strong>ΙΙΙ.</strong></span> <span class='ocrx_word' id='word_1_427' title='bbox 1751 2983 1955 3028; x_wconf 89' lang='lat' dir='ltr'>Rogovska</span> <span class='ocrx_word' id='word_1_428' title='bbox 1986 2982 2147 3026; x_wconf 83' lang='lat' dir='ltr'>Opatija.</span> 
     </span>
    </p>

    <p class='ocr_par' dir='ltr' id='par_1_9' title="bbox 400 3025 2219 3122">
     <span class='ocr_line' id='line_1_48' title="bbox 540 3025 2219 3068; baseline 0.004 -12"><span class='ocrx_word' id='word_1_429' title='bbox 540 3025 565 3068; x_wconf 75' lang='lat'>²)</span> <span class='ocrx_word' id='word_1_430' title='bbox 595 3027 797 3059; x_wconf 60' lang='lat' dir='ltr'>Moriar-hos</span> <span class='ocrx_word' id='word_1_431' title='bbox 823 3028 890 3060; x_wconf 88' lang='lat' dir='ltr'>hac</span> <span class='ocrx_word' id='word_1_432' title='bbox 912 3030 1110 3062; x_wconf 81' lang='lat' dir='ltr'>occasione</span> <span class='ocrx_word' id='word_1_433' title='bbox 1138 3032 1173 3063; x_wconf 89' lang='lat' dir='ltr'>in</span> <span class='ocrx_word' id='word_1_434' title='bbox 1193 3031 1407 3063; x_wconf 89' lang='lat' dir='ltr'>Bohemiam</span> <span class='ocrx_word' id='word_1_435' title='bbox 1425 3041 1472 3064; x_wconf 88' lang='lat' dir='ltr'>ex</span> <span class='ocrx_word' id='word_1_436' title='bbox 1498 3031 1684 3064; x_wconf 84' lang='lat' dir='ltr'>coenobio</span> <span class='ocrx_word' id='word_1_437' title='bbox 1711 3030 1862 3065; x_wconf 89' lang='lat' dir='ltr'>Ordinis</span> <span class='ocrx_word' id='word_1_438' title='bbox 1883 3030 1920 3064; x_wconf 90' lang='lat' dir='ltr'>S.</span> <span class='ocrx_word' id='word_1_439' title='bbox 1940 3030 2133 3064; x_wconf 87' lang='lat' dir='ltr'>Benedicti</span> <span class='ocrx_word' id='word_1_440' title='bbox 2154 3028 2219 3063; x_wconf 90' lang='lat' dir='ltr'>SS.</span> 
     </span>
     <span class='ocr_line' id='line_1_49' title="bbox 400 3072 2142 3122; baseline 0.003 -18"><span class='ocrx_word' id='word_1_441' title='bbox 400 3072 437 3104; x_wconf 68' lang='grc' dir='ltr'>(ι</span> <span class='ocrx_word' id='word_1_442' title='bbox 432 3083 558 3105; x_wconf 75' lang='lat' dir='ltr'>osmac</span> <span class='ocrx_word' id='word_1_443' title='bbox 586 3078 621 3105; x_wconf 80' lang='lat' dir='ltr'>ct</span> <span class='ocrx_word' id='word_1_444' title='bbox 650 3073 819 3107; x_wconf 84' lang='lat' dir='ltr'>Damiani</span> <span class='ocrx_word' id='word_1_445' title='bbox 847 3075 880 3107; x_wconf 89' lang='lat' dir='ltr'>in</span> <span class='ocrx_word' id='word_1_446' title='bbox 909 3076 1025 3108; x_wconf 87' lang='lat' dir='ltr'>insula</span> <span class='ocrx_word' id='word_1_447' title='bbox 1048 3077 1156 3110; x_wconf 86' lang='lat' dir='ltr'>Tkon</span> <span class='ocrx_word' id='word_1_448' title='bbox 1183 3078 1405 3112; x_wconf 79' lang='lat' dir='ltr'>dioeceseos</span> <span class='ocrx_word' id='word_1_449' title='bbox 1427 3078 1641 3122; x_wconf 78' lang='lat' dir='ltr'>Jandiensis</span> <span class='ocrx_word' id='word_1_450' title='bbox 1669 3078 1846 3122; x_wconf 85' lang='lat' dir='ltr'>migratos</span> <span class='ocrx_word' id='word_1_451' title='bbox 1873 3087 1956 3110; x_wconf 86' lang='lat' dir='ltr'>esse</span> <span class='ocrx_word' id='word_1_452' title='bbox 1983 3081 2142 3110; x_wconf 80' lang='lat' dir='ltr'>constat.</span> 
     </span>
    </p>
   </div>
  </div>
 </body>
</html>
