2243 3444
431 322 478 358 94
1025 319 1219 353 Fontes
1245 318 1522 360 Liturgiae

524 466 603 505 XII.
629 466 668 504 In
694 464 1007 515 praedicatione
1030 463 1148 502 verbi
1172 463 1266 511 Dei,
1291 460 1432 502 aliisve
1457 460 1592 502 cultus
1621 462 1859 502 actionibus
1881 475 1990 513 quae
2015 463 2152 503 stricte

382 524 598 575 liturgicae
632 536 717 563 non
753 527 859 570 sunt,
894 521 1037 572 lingua
1071 520 1223 561 slavica
1254 520 1439 571 vulgaris
1473 522 1664 561 adhiberi
1697 522 1944 572 permittitur
1976 522 2029 562 ad
2050 521 2177 562 fide-·
2241 534 2243 545 ¹

382 584 483 624 lium
519 583 797 623 commodum
833 586 871 621 et
904 579 1130 629 utilitatem,
1165 582 1336 620 servatis
1359 584 1497 620 tamen
1520 579 1790 630 generalibus
1813 581 2006 621 Decretis
2028 581 2155 632 hujus
2179 621 2182 623 ,
2242 596 2243 604 ¹

382 643 423 683 S.
449 645 613 686 Rituum
650 641 1021 690 Congregationis.

525 714 619 753 XIII.
655 712 855 762 Episcopi
890 709 1052 750 illarum
1086 711 1312 760 regionum
1347 710 1418 749 ubi
1444 710 1594 750 eadem
1628 711 1667 750 in
1692 723 1770 750 usu
1806 714 1867 750 est
1898 709 2042 761 lingua
2063 723 2155 750 ver-

382 771 545 821 nacula,
580 772 772 811 studeant
793 770 990 810 uniformi
1013 770 1225 809 curandae
1248 770 1432 809 versioni
1457 781 1632 820 precum
1657 773 1697 809 et
1718 770 1974 821 hymnorum
1997 770 2155 821 quibus

382 830 571 882 populus
604 828 796 879 indulget
828 831 867 869 in
902 830 1075 879 propria
1110 827 1304 877 ecclesia,
1346 829 1398 868 ad
1432 829 1518 868 hoc
1556 832 1599 868 ut
1632 830 1703 879 qui
1747 841 1797 869 ex
1830 841 1912 868 una
1944 829 1997 868 ad
2031 827 2152 869 aliam

384 894 599 930 transeunt
622 890 855 928 dioecesim
888 886 952 927 vel
977 889 1222 938 paroeciam
1256 889 1295 927 in
1319 886 1477 927 nullam
1512 889 1729 928 offendant
1759 889 2051 939 precationum
2087 891 2179 928 aut.

382 951 643 989 canticorum
678 949 970 988 diversitatem.
1519 956 1523 958 ’

522 1020 624 1059 XIV.
661 1020 718 1058 Pii
760 1017 853 1058 libri
899 1020 938 1058 in
990 1019 1147 1069 quibus
1192 1019 1429 1058 continetur
1472 1019 1611 1058 versio
1655 1016 1821 1068 vulgata
1867 1015 2153 1068 liturgicarum

381 1091 558 1130 precum
592 1079 643 1117 ad
685 1090 808 1118 usum
848 1078 1144 1117 tantummodo
1188 1079 1392 1128 pr1vatum
1439 1076 1787 1126 christifidelium,
1833 1077 1884 1117 ab
1930 1078 2154 1128 Episcopis

381 1140 454 1178 rite
489 1138 694 1187 recogniti
728 1138 808 1177 sint
841 1140 879 1176 et
911 1137 1147 1188 approbati,

524 1233 677 1332 D8a’19u8m
718 1233 876 1274 Romae
917 1245 967 1272 ex
1001 1231 1230 1272 Secretaria
1258 1231 1328 1272 SS.
1354 1233 1520 1275 Rituum
1546 1232 1777 1282 Congr.nis
1811 1232 1879 1271 die
1901 1231 1950 1272 V.
1974 1230 2154 1281 Augusti

381 1304 496 1332 anno
536 1294 549 1331 1
651 1324 658 1331 .

1127 1385 1175 1425 C.
1203 1385 1328 1426 Card.
1352 1384 1552 1425 Mazzella
1586 1385 1625 1426 S.
1651 1387 1696 1429 R.
1722 1386 1770 1426 C.
1796 1385 2035 1425 Praefectus

1211 1468 1263 1508 D.
1290 1469 1429 1508 Panici
1463 1468 1502 1508 S.
1529 1470 1572 1512 R.
1597 1468 1645 1509 C.
1669 1468 1938 1509 Secretarius.

379 1621 504 1663 (1899)
523 1572 704 1655 Cliilllec3t10
751 1572 912 1608 Actuum
957 1569 1186 1607 Officialium
1231 1572 1367 1608 Curiae
1410 1572 1752 1617 Archiepiscopalis
1792 1572 1994 1616 Jadrensis,
2036 1571 2148 1607 XVIII

507 1647 516 1662 ,
587 1630 611 1655 r.
664 1647 671 1655 .

783 1778 1313 1828 Interpretationes
1356 1777 1725 1816 authenticae:

865 1922 934 1973 A).
974 1915 1114 1975 1900}
1150 1925 1208 1965 14
1236 1922 1445 1978 Augusti,
1479 1922 1665 1969 Romae.

518 2031 583 2070 Ad
607 2029 934 2082 appellationem
955 2029 1067 2071 Cleri
1089 2036 1126 2071 et
1144 2029 1333 2071 fidelium
1356 2031 1570 2082 jadrensis
1590 2031 1846 2070 dioeceseos
1866 2030 1919 2069 ad
1938 2029 1978 2069 S.
1996 2029 2151 2070 Sedem

379 2106 524 2141 contra
541 2103 758 2142 decretum
786 2102 1080 2142 Ordinariatus
1102 2103 1318 2153 Jadrensis
1335 2102 1424 2150 (cfr.
1443 2102 1494 2141 N.
1511 2104 1524 2141 1
1541 2104 1623 2150 10),
1640 2114 1764 2141 usum
1784 2099 1974 2151 liturgiae
1991 2098 2152 2150 Glago-

380 2172 688 2215 lito—Romanae
713 2174 981 2229 interdicens,
1007 2186 1088 2224 qua
1109 2174 1432 2224 proponebatur
1454 2173 1646 2221 dubium,
1663 2184 1713 2212 an
1731 2170 1919 2211 Articulo
1943 2172 1968 2211 1.
1989 2172 2154 2211 Littera-

378 2257 470 2283 rum
489 2242 771 2284 Decretalium
791 2245 830 2284 S.
856 2246 1022 2287 Rituum
1037 2245 1397 2295 Congregationis
1411 2245 1494 2284 diei
1511 2247 1534 2284 5
1549 2244 1728 2294 Augusti
1748 2246 1871 2292 1898,
1885 2241 2152 2294 privilegium

379 2313 569 2364 liturgiae
590 2313 1044 2365 Glagolito-Romanae
1080 2317 1303 2355 extinctum
1329 2317 1462 2364 fuerit,
1497 2316 1554 2355 ob
1577 2316 1852 2366 interruptum
1871 2326 1995 2354 usum
2030 2314 2151 2353 etiam

380 2386 419 2424 in
465 2384 543 2425 illis
590 2385 793 2435 ecclesiis,
839 2388 878 2426 in
920 2387 1077 2437 quibus
1122 2391 1214 2427 ante
1261 2399 1417 2426 annum
1469 2388 1577 2426 1868
1627 2387 1665 2426 in
1712 2399 1790 2426 usu
1841 2389 1938 2434 erat,
1982 2385 2150 2425 Vicario

380 2455 607 2506 Capitulari
627 2458 817 2508 Jadrensi
852 2457 891 2498 S.
918 2459 1083 2500 Rituum
1109 2458 1415 2508 Congregatio,
1449 2458 1557 2497 facto
1581 2458 1713 2497 verbo
1742 2469 1839 2497 cum
1863 2456 2150 2504 SanctissimO,

381 2525 581 2566 declarat:

1387 2624 1545 2665 Romae
1579 2624 1633 2662 22
1667 2622 1846 2672 Augusti
1885 2622 2007 2661 1900.

665 2729 833 2770 Rev.me
868 2730 1067 2779 DomIne,

525 2821 646 2860 Circa
680 2823 1063 2873 interpretationem
1097 2823 1182 2863 Art.
1217 2825 1241 2863 I.
1277 2824 1445 2863 Decreti
1479 2824 1530 2863 N.
1557 2824 1669 2863 3999
1704 2835 1779 2863 seu
1813 2823 2054 2862 Litterarum
2079 2821 2150 2862 Sa·
2200 2823 2202 2834 '

383 2890 552 2917 crorum
600 2881 763 2922 Rituum
812 2882 1172 2932 Congregationis
1215 2883 1297 2922 diei
1341 2885 1365 2922 5
1406 2882 1584 2932 Augusti
1630 2883 1738 2922 1898
1781 2882 1834 2921 de
1867 2893 1946 2921 usu
1980 2879 2148 2931 linguae
2200 2930 2203 2937 ,

385 2935 569 2977 Slavicae
605 2940 642 2977 in
678 2939 802 2979 Sacra
836 2939 999 2990 liturgia
1030 2953 1217 2992 sequens
1251 2941 1429 2980 dubium
1463 2953 1542 2992 pro
1577 2944 1818 2992 opportuna
1852 2938 2148 2988 declaratione,
2200 2975 2203 2994 :

383 2995 654 3045 Apostolicae
689 2998 787 3037 Sedi
822 2998 1067 3049 suppliciter
1099 3001 1367 3051 propositum
1402 3000 1486 3048 fuit,
1521 3001 1735 3039 nimirum:

525 3055 672 3094 Utrum
707 3056 972 3107 privilegium
1007 3057 1175 3108 linguae
1194 3057 1526 3109 palaeoslavicae
1547 3060 1770 3098 extinctum
1791 3058 1913 3097 fuerit
1936 3057 1992 3097 ob
2027 3058 2148 3096 inter·
2200 3031 2204 3080 l

385 3116 551 3162 ruptum
586 3127 708 3153 usum
745 3117 936 3155 eiusdem
970 3115 1152 3166 linguae,
1195 3119 1296 3157 intra
1329 3122 1572 3168 postremos
1604 3118 1767 3167 triginta
1801 3129 1949 3164 annos,
1995 3117 2035 3155 in
2069 3113 2148 3156 illis
2200 3118 2203 3138 z

385 3172 504 3209 etiam
541 3172 732 3213 ecclesiis
752 3175 803 3213 de
829 3176 985 3224 quibus
1004 3181 1119 3215 certo
1139 3180 1302 3216 constat
1322 3189 1393 3216 eas
1412 3180 1529 3215 antea
1551 3177 1679 3216 tuisse
1696 3177 1735 3215 in
1755 3174 1938 3225 legitima
1955 3175 2146 3214 eiusdem

385 3227 553 3277 lInguae
587 3234 886 3280 possessione?
