2191 3434
664 263 713 298 ΙΙ.
740 264 841 298 Acta
867 264 1005 299 Curiae
1031 265 1242 301 Romanae.
1776 270 1809 303 V

184 404 230 446 S.
263 403 556 457 Congregatio
601 404 785 445 Concilii
830 404 1042 446 relatione
1085 405 1280 460 episcopi
1327 407 1550 449 Parentini
1598 409 1754 450 certior
1793 409 1854 459 fit,

44 462 167 517 quod
199 475 351 504 omnes
382 462 565 515 parochi
598 462 755 515 Lgr.na
787 464 982 511 utuntur,
1025 463 1133 511 XVI,
1171 463 1272 512 1603
1321 468 1363 506 et
1394 466 1565 514 iterum,
1599 468 1719 519 quod
1750 480 1855 508 usus

44 521 227 574 Lgr.nae
259 533 338 574 per
367 519 541 561 Istriam
575 523 616 560 et
648 533 801 561 omnes
843 520 931 561 fere
972 520 1233 573 provincias,
1283 535 1396 574 quae
1437 523 1604 577 Illyrico
1653 538 1854 566 sermone

42 580 235 628 utantur,
282 578 410 631 viget,
453 578 531 619 sed
563 578 607 619 in
639 578 833 619 maxima
878 576 1146 631 Illyricorum
1181 579 1394 621 librorum
1426 582 1612 634 penuria
1645 586 1853 631 versatur,

44 637 104 678 ib.
141 637 243 686 1743
291 636 421 690 tertio
455 649 573 685 vero,
622 636 744 688 quod
775 636 960 688 penuria
1001 637 1280 678 sacerdotum
1316 638 1642 690 Glagolitarum,
1690 640 1764 693 qui
1797 641 1853 681 ob

44 695 262 736 defectum
297 694 550 748 patrimonii
576 696 618 734 et
645 694 959 735 beneficiorum
994 695 1181 747 amplius
1204 695 1260 736 ad
1285 695 1328 736 S.
1354 696 1541 737 Ordines
1573 710 1662 737 non
1695 697 1853 738 admit-

17 754 210 802 ,tunam
257 752 386 794 liceat
419 752 503 793 sibi
534 752 774 804 Regulares
808 752 1035 804 glagolitas
1067 752 1111 792 in
1145 765 1248 794 cura
1280 753 1527 795 animarum
1559 768 1782 796 assumere
1815 757 1857 796 et

39 816 180 853 unum
215 811 456 852 alterumve
487 810 814 851 adolescentem
847 810 891 850 in
925 809 1171 851 Seminario
1205 810 1371 863 Illyrico
1406 812 1605 861 educare,
1638 813 1696 854 ib.
1732 813 1825 854 179.

183 867 226 910 S.
261 868 552 921 Congregatio
586 867 772 909 Concilii
818 867 1032 908 relatione
1065 868 1261 921 episcopi
1308 869 1563 911 petenensis
1606 871 1763 912 certior
1792 870 1852 912 fit.

41 939 194 968 omnes
227 927 481 969 sacerdotes
529 926 831 975 dioecesanos,
883 925 1074 978 exceptis
1108 926 1188 967 illis
1222 927 1264 967 in
1300 927 1477 969 Pedena
1510 930 1551 969 et
1584 928 1854 981 Gallignana,

41 985 199 1038 Lgr.na
220 986 298 1035 uti,
330 984 438 1034 XVI,
464 983 569 1033 1843
603 984 762 1025 iterum
793 996 912 1031 vero,
947 983 1068 1036 quod
1100 997 1190 1025 non
1218 985 1493 1027 admittendo
1518 986 1573 1027 ad
1597 986 1641 1027 S.
1667 986 1854 1028 Ordines

42 1043 126 1084 nisi
157 1043 339 1084 Latinos
372 1045 414 1083 et
444 1042 526 1083 hos
558 1043 602 1083 in
636 1054 787 1083 curam
819 1041 1064 1083 animarum
1084 1042 1423 1085 'introducendo
1456 1057 1663 1085 numerus
1697 1044 1854 1097 Glago-

41 1101 219 1143 litarum
249 1101 445 1142 minutus
478 1102 554 1150 est,
585 1099 714 1155 XVII,
750 1100 816 1141 192.

186 1158 230 1200 S.
265 1159 403 1201 Sedes
434 1158 647 1200 relatione
680 1156 985 1199 Ordinariatus
1018 1157 1235 1199 Nonensis
1267 1159 1426 1200 certior
1452 1159 1512 1209 fit,
1547 1160 1668 1212 quod
1701 1173 1854 1201 omnes

43 1217 252 1259 ecclesiae
283 1217 490 1259 foraneae
523 1217 777 1258 dioeceseos
810 1215 968 1268 Lgr.na
1000 1218 1196 1265 utuntur,
1229 1217 1337 1264 XVI,
1373 1217 1467 1258 185.

183 1275 226 1317 S.
261 1273 554 1328 C'ongregatio
604 1273 787 1316 Concilii
833 1273 1046 1315 relatione
1092 1274 1288 1328 episcopi
1329 1275 1553 1316 Parentini
1602 1276 1761 1317 certior
1792 1275 1852 1325 fit,

43 1333 164 1387 quod
195 1333 342 1387 plures
374 1333 626 1384 sacerdotes
669 1332 924 1373 dioeceseos
955 1332 1111 1384 Lgr.na
1143 1335 1326 1374 utuntur
1359 1335 1401 1374 et
1431 1333 1625 1385 linguam
1672 1333 1853 1375 latinam

0 1390 109 1447 {vel
156 1391 347 1433 italicam
393 1405 483 1433 non
531 1391 736 1433 callentes
783 1390 934 1443 inopia
980 1389 1191 1432 librorum
1240 1391 1589 1443 theologicorum
1635 1392 1851 1441 laborant,

0 1499 5 1504 ‘
41 1449 170 1500 XVII,
203 1449 242 1491 2.

0 1513 7 1562 ζ
182 1507 226 1549 S.
260 1506 555 1560 Congregatio
591 1506 776 1548 Concilii
821 1506 1035 1548 relatione
1085 1506 1279 1559 episcopi
1327 1506 1569 1559 Tergestini
1604 1507 1761 1548 certior
1792 1507 1852 1558 fit,

43 1565 164 1619 quod
196 1565 445 1619 complures
476 1565 728 1606 sacerdotes
759 1565 866 1606 ritus
898 1564 1051 1618 Illyrici
1084 1565 1150 1606 vel
1184 1564 1405 1606 Slavonici
1434 1565 1477 1605 in
1501 1578 1649 1607 curam
1684 1565 1854 1607 anima-

0 1632 3 1665 Γ
42 1637 140 1665 rum
172 1626 470 1673 assumuntur,
504 1623 561 1664 ib.
595 1624 634 1665 7.
1205 1647 1209 1650 >

808 1714 996 1760 Paulus
1036 1715 1094 1759 V.

156 1808 226 1850 S.
260 1808 554 1862 Congregatio
602 1808 788 1850 Concilii
835 1809 1046 1850 relatione
1094 1809 1290 1863 episcopi
1329 1808 1553 1850 Parentini
1597 1808 1757 1850 certior
1788 1808 1848 1856 fit,

45 1867 166 1921 quod
184 1867 228 1908 in
247 1867 438 1908 dioecesi
456 1880 616 1919 magna
636 1880 738 1920 pars
762 1869 1016 1908 curatorum
1038 1868 1238 1909 villarum
1258 1867 1488 1920 glagolitae
1507 1869 1621 1913 sunt,
1640 1866 1765 1915 XVII,
1786 1867 1852 1907 21.

183 1925 310 1967 Actio
344 1925 495 1966 Nuntii
537 1925 782 1979 Apostolici
812 1925 1086 1967 Venetiensis
1135 1926 1189 1966 de
1221 1925 1383 1967 Missali
1427 1927 1467 1966 et
1498 1925 1720 1966 Breviario
1755 1924 1853 1965 Gla-

47 1983 225 2037 golitico
257 1984 372 2038 typis
402 1983 719 2037 imprimendis,
753 1983 810 2024 ib.
844 1984 911 2025 202.

747 2121 1021 2177 Gregorius
1053 2121 1155 2165 XV.

180 2216 309 2257 Actio
342 2215 492 2257 Nuntii
523 2216 769 2269 Apostolici
801 2216 1058 2258 Graecensis
1092 2216 1146 2257 de
1177 2214 1342 2257 Missali
1366 2216 1406 2256 et
1429 2214 1651 2256 Breviario
1696 2213 1854 2266 Glago-

47 2273 166 2315 litico
201 2274 312 2327 typis
344 2274 661 2328 imprimendis,
694 2274 822 2323 XVII,
875 2274 1058 2316 226—32.

187 2331 230 2373 S.
265 2331 558 2384 Congregatio
594 2332 777 2374 Concilii
819 2332 1030 2374 relatione
1063 2331 1257 2385 episcopi
1300 2329 1658 2383 Justinopolitani
1693 2329 1854 2370 certior

49 2389 112 2441 fit,
131 2390 252 2442 quod
271 2390 315 2430 in
336 2390 446 2431 villis
479 2390 675 2432 eiusdem
709 2390 963 2432 dioeceseos
994 2390 1246 2432 sacerdotes
1270 2389 1501 2442 glagolitae
1519 2401 1668 2430 curam
1687 2388 1854 2429 anima-

0 2463 15 2504 ’f
47 2460 144 2489 rum
178 2449 326 2500 agunt,
360 2448 418 2489 ib.
450 2448 519 2489 42.

759 2536 995 2585 Urbanus
1027 2539 1143 2584 VIII.

183 2632 403 2687 Episcopo
438 2633 650 2686 Segnensi
683 2634 850 2675 Joanne
883 2633 1082 2687 Baptista
1121 2633 1273 2686 Agalic
1308 2633 1358 2673 O.
1407 2632 1449 2673 S.
1482 2632 1533 2673 Α.
1567 2633 1609 2672 et
1640 2630 1852 2671 Bosnensi

44 2689 217 2732 Tomko
251 2691 471 2732 Marnavic
503 2692 869 2746 proponentibus,
902 2692 1136 2733 francisco
1171 2691 1365 2732 Glavinic
1389 2691 1443 2731 M.
1478 2689 1524 2730 O.
1559 2691 1600 2729 et
1630 2689 1682 2729 R.
1716 2689 1852 2729 Leva-

45 2747 172 2789 kovic
203 2748 257 2788 M.
278 2747 322 2789 O.
358 2749 746 2799 collaborantibus,
780 2750 1044 2791 revisionem
1078 2752 1118 2790 et
1153 2749 1390 2790 editionem
1430 2748 1642 2788 librorum
1685 2745 1850 2797 liturgi-

47 2817 200 2846 corum
219 2806 568 2858 glagoliticorum
592 2807 635 2848 S.
662 2805 999 2860 Oongregationi
1024 2807 1078 2848 de
1102 2807 1231 2859 Prop.
1258 2806 1362 2846 Fide
1377 2804 1622 2849 committit,
1642 2803 1850 2851 xvir-1⁴42.

186 2863 393 2905 Visitator
423 2865 706 2917 Apostolicus
739 2865 946 2907 Octavius
980 2864 1217 2906 Garzadori
1242 2863 1462 2904 jadrensis
1495 2861 1850 2912 archiepiscopus

49 2920 93 2962 S.
128 2921 525 2973 Congregationem
545 2923 599 2964 de
630 2922 762 2975 Prop.
796 2923 903 2964 Fide
936 2923 989 2963 de
1022 2934 1102 2962 usu
1137 2921 1357 2962 communi
1409 2920 1588 2970 Lamnae
1627 2917 1849 2969 privilegio

45 2978 238 3020 nationis
272 2979 314 3019 in
347 2978 565 3021 Dalmatia
598 2981 828 3022 certiorem
862 2980 1017 3027 reddit,
1054 2980 1094 3019 ib
1128 2980 1195 3025 45,
1227 2979 1296 3019 46.

187 3035 230 3076 S.
264 3035 558 3089 Congregatio
593 3038 646 3079 de
678 3037 807 3091 Prop.
841 3038 959 3085 Fide,
995 3036 1319 3077 Garzadoriana
1339 3034 1549 3074 relatione
1582 3031 1769 3079 suffulta,
1803 3033 1848 3070 ut
1894 3047 1897 3050 ·

46 3093 202 3146 Lgr.na
249 3093 367 3135 iuxta
427 3095 702 3148 priVilegium
737 3095 891 3148 Illyrici
940 3095 981 3135 in
1023 3093 1239 3134 Dalmatia
1283 3092 1441 3143 vigens,
1492 3089 1610 3129 libris
1644 3087 1848 3139 liturgicis

49 3151 307 3193 necessariis
339 3152 656 3205 provideretur,
690 3154 746 3195 ab
779 3153 1043 3207 imperatore
1090 3150 1379 3197 Ferdinando,
1422 3147 1699 3187 subditorum
1746 3158 1847 3185 suo·
