2191 3434
545 319 1082 366 Glagolito-Romanae
1130 319 1284 354 XVII.
1335 331 1371 355 s.
1772 323 1813 357 17

506 461 574 501 52.
608 461 738 510 1626,
769 461 833 501 28
861 458 1084 509 Januarii,
1126 457 1406 502 Vindobonae.

191 554 379 595 Nuntius
425 553 660 607 episcopus
717 553 899 596 Carolus
947 552 1120 595 Carafla
1168 553 1445 595 Cardinalem
1492 551 1766 595 Praefectum
1815 555 1859 598 S.

53 622 420 676 Congregationis
451 624 581 677 Prop.
616 624 738 665 Fidei
760 626 888 678 typos
911 623 1095 665 slavicos
1118 623 1205 665 iam
1244 623 1497 665 Guardiano
1532 623 1860 677 Capucinorum

51 692 265 734 Flumime
309 693 495 734 traditos
533 706 583 735 ac
624 694 669 734 P.
708 692 943 734 Francisco
989 692 1183 734 Glavinic
1222 693 1277 734 de
1320 693 1424 746 ipsis
1455 693 1569 747 typis
1602 693 1860 735 relationem

51 762 270 803 acclusam
303 762 513 804 notificat.

54 842 403 923 XXIVAgchivum
441 842 475 877 S.
515 843 634 888 Cong.
679 843 792 888 Prop.
829 842 950 887 Fideiy
986 841 1057 877 Ms.
1091 842 1211 876 citato
1246 842 1288 876 N.
1322 843 1385 886 493
1429 842 1666 884 Fermedzin,
1706 842 1859 876 Starine

510 1018 580 1058 53.
614 1018 744 1066 1626,
777 1019 804 1056 4
833 1016 1078 1066 Februarii,
1121 1015 1400 1059 Vindobonae.

188 1098 376 1139 Nuntius
408 1099 640 1152 episcopus
690 1098 875 1140 Carolus
920 1098 1090 1140 Caraffa
1132 1098 1354 1140 Cardinali
1395 1099 1623 1141 Praefecto
1658 1099 1701 1140 S.
1736 1098 1855 1140 Con·
1887 1110 1889 1112 ·

52 1168 317 1220 gregationis
350 1168 480 1222 Prop.
514 1169 637 1209 Fidei
667 1169 720 1210 de
754 1168 979 1211 Canonico
1015 1168 1296 1221 Zagabriensi
1333 1169 1578 1211 Athanasio
1613 1168 1852 1221 Georgiceo

49 1237 297 1280 Dalmatino
344 1239 487 1292 patria
534 1239 855 1292 linguarumque
906 1238 1166 1280 slavicarum
1218 1239 1453 1293 interprete
1500 1238 1747 1280 admirabili
1797 1238 1852 1280 ab

49 1308 258 1361 episcopo
290 1308 567 1361 Tergestensi
602 1309 761 1350 certior
791 1309 943 1357 factus,
985 1308 1129 1361 ipsum
1161 1308 1218 1350 ad
1250 1309 1608 1351 reformationem
1641 1309 1855 1350 librorum

49 1377 311 1419 slavicorum
342 1378 566 1431 proponit.

49 1458 399 1538 XXIVAgiihivum
440 1459 474 1493 S.
514 1459 653 1505 Congr.
690 1459 801 1504 Prop.
840 1459 949 1493 Fidei
984 1458 1055 1493 Ms.
1091 1458 1210 1493 citato
1243 1459 1285 1492 N.
1323 1459 1386 1503 49;
1425 1459 1664 1501 Fermediin,
1703 1459 1857 1493 Starine

536 1636 605 1675 54.
638 1636 768 1684 1626,
801 1637 826 1674 1
856 1633 1040 1687 Aprilis,
1083 1633 1362 1676 Vindobonae.

188 1726 375 1779 Nuntius
408 1727 641 1781 episcopus
675 1727 860 1769 Carolus
893 1727 1065 1769 Caraffa
1104 1727 1326 1769 Cardinali
1348 1728 1544 1770 Praesidi
1579 1728 1623 1769 S.
1658 1727 1852 1780 Congre-

49 1796 234 1849 gationis
266 1797 398 1850 Prop.
430 1797 552 1838 Fidei
593 1797 756 1846 scribit,
803 1798 857 1838 de
898 1798 1211 1839 transferendis
1252 1798 1364 1851 typis
1405 1797 1575 1839 slavicis
1622 1798 1855 1839 Anconam

48 1866 349 1920 Romamque,
396 1880 447 1908 ac
498 1867 552 1908 de
594 1867 902 1908 certioratione
946 1868 1059 1908 facta
1111 1867 1156 1908 P.
1202 1868 1435 1909 Francisco
1479 1867 1687 1915 Glavinic,
1736 1867 1857 1920 quod

48 1935 226 1977 iubente
257 1936 412 1977 eadem
444 1936 487 1976 S.
523 1936 875 1988 Congregatione
908 1937 1097 1978 Romam
1135 1950 1223 1978 una
1256 1950 1354 1978 cum
1388 1936 1635 1978 Missalibus
1667 1949 1717 1978 ac
1748 1936 1855 1977 Bre-

52 2004 181 2046 viaris
216 2004 398 2046 Slavicis
432 2005 686 2055 emendatis,
721 2005 909 2047 Romam
942 2018 988 2046 se
1021 2005 1230 2047 conferat.

185 2084 397 2119 Arcliivum
436 2085 470 2119 S.
510 2085 648 2131 Congr.
689 2085 802 2131 Prop.
840 2085 960 2129 Fidei⁷
999 2085 1069 2120 ΜΞ.
1111 2085 1229 2119 citato
1265 2085 1306 2119 N.
1344 2085 1399 2127 49,
1437 2084 1460 2118 f.
1487 2085 1549 2129 983
1587 2085 1855 2123 Fermendiin,

50 2129 202 2165 Starine
228 2131 371 2173 XXIV,
397 2131 415 2162 7
444 2143 471 2166 s.

191 2247 302 2297 „Eos
352 2247 497 2302 (typos
545 2247 834 2301 glagoliticos)
883 2248 1036 2289 obtimi
1085 2247 1396 2299 gratiosissime
1434 2262 1459 2290 a
1503 2248 1689 2290 Caesare
1735 2248 1854 2289 dono

51 2304 221 2346 dandos
270 2306 431 2347 Sacrae
485 2305 838 2358 Congregationi,
902 2319 1014 2359 quos
1066 2306 1370 2347 Ferdinandus
1422 2306 1595 2347 Primus
1646 2308 1855 2359 posuerat

51 2361 224 2409 Gretzii,
268 2376 317 2403 ex
362 2376 449 2415 qua
491 2363 664 2405 civitate
706 2364 761 2404 ad
796 2367 984 2405 castrum
1027 2364 1240 2405 Fluminis
1273 2364 1316 2405 in
1350 2364 1581 2413 Dalmatia,
1629 2364 1732 2405 inde
1777 2377 1855 2416 per

50 2432 169 2461 mare
200 2420 470 2462 Adriaticum
504 2421 560 2462 ad
592 2422 822 2462 Anconam
867 2422 1228 2463 transmittendos
1261 2423 1422 2472 curavi,
1467 2422 1541 2475 qui
1574 2422 1728 2474 integri
1761 2421 1852 2463 Ro-

51 2490 167 2519 mam
199 2481 530 2531 pervenerunt.“

189 2556 351 2592 Carolus
378 2556 541 2600 Caraffa,
569 2558 856 2592 Commentaria
874 2558 920 2593 de
940 2558 1148 2593 Germania
1167 2559 1293 2601 Sacra,
1319 2558 1585 2593 Francofordii
1614 2558 1711 2599 1641,
1740 2558 1803 2591 147
1823 2569 1851 2592 s.

559 2710 627 2751 55.
661 2711 790 2761 1626,
822 2712 878 2751 10
909 2709 1092 2763 Aprilis,
1124 2710 1340 2752 Flumine.

189 2801 235 2844 P.
269 2802 525 2844 F'ranciscus
559 2802 753 2844 Glavinic
777 2802 996 2845 Cardinali
1019 2804 1244 2845 Praefecto
1269 2803 1308 2845 S.
1335 2802 1697 2856 Congregationis
1721 2802 1852 2855 Prop.

53 2869 173 2912 Fidei
205 2871 260 2912 de
290 2872 613 2913 reformationis
645 2872 856 2913 librorum
889 2872 1190 2925 liturgicorum
1214 2873 1544 2914 difficultatibus
1576 2871 1852 2912 animadver-

0 2973 1 2983 ,
54 2938 197 2981 siones
243 2941 444 2995 subjicit;
492 2955 580 2982 non
637 2955 842 2983 recusans
888 2942 1099 2991 laborem,
1147 2943 1181 2983 si
1230 2945 1315 2984 tres
1369 2942 1661 2995 coadjutores,
1713 2940 1851 2981 idest:

54 3007 271 3060 Croatam,
317 3010 558 3053 Liburnum
593 3015 635 3053 et
666 3013 897 3054 Istrianum
931 3012 996 3052 vel
1030 3011 1281 3063 Slovenum,
1329 3013 1517 3053 Romam
1565 3024 1711 3052 secum
1746 3023 1850 3051 con-

0 3102 3 3120 l
55 3077 212 3120 ducere
244 3080 306 3121 fas
339 3081 431 3122 erit.

0 3126 5 3171 l

56 3158 401 3239 XXIVAfghivum
439 3162 474 3195 S.
501 3161 640 3206 Congr.
682 3163 788 3206 Prop.
824 3161 943 3204 Fidei,
980 3161 1047 3195 Ms.
1087 3161 1206 3194 citato
1241 3160 1282 3194 N.
1321 3160 1383 3198 4÷›;
1423 3159 1660 3193 Fermed'ain,
1700 3159 1851 3192 Starino

189 3232 197 3246 ‚
291 3216 319 3240 S

124 3378 238 3421 Jeme,
260 3388 428 3423 roures,
450 3389 525 3417 Pars
547 3390 581 3417 u.
1768 3387 1785 3413 2
