2191 3434
517 334 1054 381 Glagolito-Romanae
1102 335 1287 369 XVIII.
1338 346 1372 369 s.
1757 336 1797 370 13

701 477 773 517 32.
805 477 929 525 1717,
964 476 1009 516 in
1040 475 1188 516 Istria.

178 567 329 609 Status
359 567 559 620 liturgiae
592 568 1062 622 Glagolito-Romanae
1085 569 1128 609 in
1162 568 1352 609 dioecesi
1397 567 1644 614 Parentina,
1678 567 1844 608 Aemo-

41 636 196 686 niensi,
229 636 599 689 Justinopolitana
632 640 674 679 et
703 639 939 682 Petinensi.

177 730 399 771 Dioecesis
445 730 695 782 Parentffla,
753 732 924 785 „ampla
973 731 1078 773 satis
1124 731 1346 773 Dioecesis
1397 732 1474 779 est,
1527 742 1640 782 quae
1686 729 1846 781 partim

40 787 316 829 Austriacam
365 788 577 830 ditionem
624 790 808 842 attingit,
855 803 1015 842 magna
1046 803 1098 830 ex
1129 792 1252 842 parte
1299 789 1464 842 Illyrica
1511 790 1636 828 utens
1683 787 1844 839 lingua,

41 858 154 898 quae
185 846 305 887 natio
340 859 391 887 eo
415 848 480 887 est
500 847 543 887 in
566 847 648 888 hac
681 848 871 889 dioecesi
903 848 1174 901 populosior,
1208 847 1329 901 quod
1360 846 1484 888 multi
1518 859 1569 886 ex
1601 844 1841 886 Turcarum

41 903 237 956 tyranide
267 904 354 944 huc
386 917 431 945 se
463 905 717 958 recipiunt.“

179 961 399 1003 Dioecesis
430 963 732 1006 Aemonensis.
775 963 1022 1014 „Dioecesis
1053 965 1320 1016 perangusta
1353 964 1427 1003 est.
1463 961 1574 1002 Sunt
1606 961 1649 1001 in
1682 973 1732 1002 ea
1765 973 1843 1013 op-

39 1018 144 1072 pida
176 1019 258 1061 tria
290 1021 333 1060 et
361 1019 444 1060 vici
478 1021 642 1069 decern,
677 1022 720 1062 in
754 1021 913 1074 quibus
945 1021 1149 1062 omnibus
1182 1023 1284 1062 sunt
1313 1019 1588 1074 parochiales
1623 1018 1844 1067 ecclesiae,

39 1089 224 1130 quarum
257 1078 441 1130 parochi
473 1081 575 1118 sunt
606 1078 758 1133 Illyrici
792 1081 834 1120 et
864 1078 1032 1133 Illyrica
1062 1080 1210 1131 lingua
1241 1079 1537 1119 Dioecesanos
1579 1076 1839 1117 instruunt.“

182 1135 430 1184 „Dioecesis
491 1135 861 1189 Justinopolitana
913 1137 1069 1189 exigua
1119 1139 1289 1178 tantum
1353 1135 1528 1189 oppidis
1580 1134 1841 1183 continetur,

40 1190 248 1245 Reliquae
279 1193 522 1235 Parochiae
555 1195 684 1235 huius
717 1195 928 1236 dioecesis
961 1195 1151 1236 sedecim
1183 1197 1297 1244 sunt,
1346 1196 1389 1235 et
1420 1195 1464 1234 in
1495 1193 1562 1234 his
1594 1205 1718 1234 sacra
1750 1192 1845 1245 Illy-

39 1249 129 1291 rico
162 1250 373 1292 idiomate
406 1251 720 1293 celebrantur.“

181 1308 452 1358 „Petinensis
485 1309 706 1351 Dioecesis
741 1335 791 1340 ——
825 1336 879 1340 --
911 1324 1036 1352 sacra
1067 1312 1213 1351 autem
1245 1309 1466 1363 plerisque
1498 1309 1540 1349 in
1573 1307 1679 1349 locis
1710 1307 1841 1348 huius

40 1365 254 1407 dioecesis
287 1367 343 1407 ob
366 1367 541 1419 linguae
572 1368 732 1410 latinae
766 1369 1026 1421 imperitiam
1061 1371 1103 1410 et
1133 1368 1411 1410 sacerdotum
1448 1366 1642 1420 inopiam
1674 1365 1842 1418 Illyrico

40 1422 248 1465 idiomate
281 1425 595 1467 celebrantur.“

177 1515 291 1550 Italia
315 1516 434 1551 Sacra
459 1519 617 1551 auctore
643 1516 887 1550 Ferdinando
907 1516 1092 1562 Ughello;
1120 1516 1237 1551 editio
1257 1516 1426 1550 secunda
1452 1522 1565 1550 aucta
1585 1520 1623 1550 et
1642 1515 1847 1550 emendata

40 1573 132 1596 cura
157 1567 195 1596 et
219 1562 348 1597 studio
374 1562 523 1597 Nicolai
549 1562 691 1607 Coleti;
718 1562 880 1604 Venetii
899 1563 1005 1606 17173
1031 1563 1095 1598 vol
1134 1563 1177 1605 V,
1201 1562 1280 1605 395,
1305 1563 1383 1605 227,
1408 1562 1486 1599 379,
1511 1562 1588 1596 470.

701 1705 772 1744 33.
806 1706 930 1754 1717,
963 1703 1184 1744 Parentin.

179 1797 226 1838 In
258 1797 514 1838 Visitatione
547 1797 747 1838 Generali
780 1797 1006 1839 Canonica
1036 1797 1300 1838 parentinae
1348 1797 1602 1838 dioeceseos
1634 1794 1846 1836 adinven-

39 1869 217 1908 ventum
249 1868 334 1907 est:

182 1958 316 2009 „Villa
348 1958 393 1999 di
423 1958 654 2011 Rovigno:
698 1958 767 2000 Ha
798 1959 997 2012 alquanti
1028 1959 1203 2001 messali
1233 1961 1358 2012 parte
1392 1958 1435 2000 in
1468 1957 1635 2012 Illyrico
1669 1969 1691 1997 e
1722 1957 1846 2009 parte

41 2016 124 2058 alla
154 2016 371 2057 Romana.

178 2074 336 2115 Torre:
371 2086 480 2115 sono
514 2074 600 2115 due
631 2074 790 2124 rituali,
823 2087 911 2115 uno
945 2075 1111 2122 illirico,
1142 2075 1168 2115 l'
1189 2074 1298 2115 altro
1330 2074 1505 2115 latino.“

178 2165 303 2200 Excer
331 2168 372 2199 ‘ca
389 2176 437 2200 ex
454 2164 753 2200 visitationibus
778 2165 1027 2211 generalibus
1046 2164 1252 2200 Canonicis
1272 2164 1442 2210 episcopi
1460 2162 1620 2198 Antonii
1636 2162 1675 2196 Π
1695 2162 1844 2204 Vairae;

43 2211 222 2254 Pesante,
247 2211 285 2246 la
324 2211 468 2257 iturgia
494 2211 613 2255 slava,
641 2212 715 2246 127.

640 2355 711 2393 34.
744 2355 868 2403 1718,
901 2352 1251 2405 Justinopolitan.

180 2445 424 2498 Episcopus
454 2445 850 2498 Justinopolitanus
883 2446 1103 2487 Antonius
1134 2446 1306 2486 Marcus
1339 2445 1404 2486 de'
1438 2442 1667 2484 Borromei
1698 2443 1740 2482 in
1774 2441 1845 2481 Vi-

43 2513 247 2554 sitatione
295 2513 485 2566 generali
518 2515 730 2556 canonica
763 2515 807 2555 in
841 2514 1166 2556 Castelvenere:
1221 2515 1415 2565 „Ordino
1450 2512 1635 2561 Messali,
1667 2510 1846 2559 Rituali,

44 2581 333 2624 Schiavetto.“

179 2674 357 2716 Pesante,
383 2674 435 2708 La
459 2674 618 2720 liturgia
643 2674 762 2716 slava,
790 2674 864 2708 138.

724 2816 792 2855 35.
826 2817 950 2865 1718,
983 2814 1165 2857 Bosnew.

181 2908 529 2960 Evangeliarium
552 2907 701 2961 lingua
723 2909 917 2949 croatica
939 2909 1176 2949 Bosnensis
1218 2908 1391 2950 dialecti
1415 2908 1593 2959 vulgari,
1627 2920 1651 2947 a
1674 2906 1841 2947 Joanne

46 2975 316 3018 Bandulovic
366 2977 614 3032 Skopljensi
663 2977 734 3018 Or.
770 2977 808 3019 S.
844 2978 1063 3018 Fran‹·isci
1096 2979 1148 3018 M.
1183 2977 1285 3019 Obs.
1335 2990 1520 3023 versum,
1567 2977 1705 3028 prima
1753 2977 1844 3014 vive

47 3044 233 3087 Venetiis
269 3046 390 3095 1613,
434 3047 592 3088 deinde
633 3047 867 3100 quinquies
896 3047 1057 3087 editum
1095 3045 1198 3102 [Csr.
1234 3047 1393 3087 Fontes
1425 3045 1538 3086 xvii
1572 3060 1602 3085 s.
1639 3045 1685 3085 N.
1722 3044 1841 3098 2321.

46 3115 369 3168 reimprimitur.

182 3217 389 3261 Milinovie‚
415 3218 542 3254 Crtice
568 3230 590 3253 0
617 3218 837 3263 slovenskoj
867 3218 1038 3264 liturgiji,
1063 3218 1207 3253 Jadrae
1235 3218 1333 3260 15⁸0,
1363 3218 1424 3250 14⁴5
1440 3230 1488 3251 ss.
