2191 3434
0 2924 5 2954 i

0 2999 4 3023 l

0 3034 4 3050 ί

0 3093 2 3103 ι

0 3136 2 3150 Ι

668 305 1191 348 Glagolito-Romanae
1217 305 1310 340 XIX.
1339 316 1367 341 s.
1822 308 1865 341 75

135 448 331 501 sepulcra
366 451 472 490 Petri
513 453 552 489 et
595 448 710 489 Pauli
754 451 794 490 In
840 450 970 489 fidem
1018 447 1269 489 catholicam
1316 451 1508 498 iuratum,
1556 452 1916 502 consecratioque

136 508 395 561 episcopalis
428 513 601 559 accepta
635 521 717 549 una
751 522 848 549 cum
895 512 1100 560 potestate
1135 510 1241 548 sacri
1286 509 1464 559 imperii,
1508 513 1668 549 retento
1714 510 1912 550 ordinum

135 570 393 617 discrimine,
438 569 737 608 constituendi.
781 569 967 608 Demum
1011 569 1110 607 hinc
1150 571 1212 608 est
1245 580 1348 607 usus
1382 566 1592 608 Slavonici
1627 570 1838 609 sermonis
1873 570 1913 608 in

135 629 283 668 ritibus
317 628 592 669 sanctissimis
625 629 893 679 impetratus;
928 631 1052 678 atque
1086 628 1172 666 hoe
1205 640 1316 666 anno
1352 628 1566 667 decimum
1602 626 1792 678 expletur
1825 641 1919 668 sae-

135 686 294 737 culum,
329 700 379 728 ex
413 700 500 738 quo
527 688 714 738 Joannes
736 687 819 727 VIII
854 688 896 727 P.
919 688 976 726 M.
1000 687 1052 726 ad
1077 686 1417 736 Suentopolcum
1442 688 1656 727 Moraviae
1678 689 1913 738 principem

136 749 187 788 ita
221 748 410 798 scripsit:
447 748 631 796 ‚Litteras
664 745 902 787 slavonicas
927 779 935 786 .
962 779 969 786 .
997 779 1004 786 .
1040 746 1198 796 quibus
1216 746 1312 785 Deo
1337 744 1487 786 laudes
1511 747 1677 787 debitae
1702 752 1918 795 resonant,

135 808 224 847 iure
259 804 483 847 laudamus
517 810 568 854 et,
603 807 643 846 in
679 806 829 846 eadem
864 804 1007 855 lingua
1042 805 1197 846 Christi
1231 806 1406 845 Domini
1440 807 1584 846 Nostri
1619 808 1846 857 praeconia
1877 810 1917 846 et

135 878 267 917 opera
300 870 344 906 ut
372 869 617 906 enarrentur
641 866 852 905 iubemus.
887 866 980 905 Nec
1004 877 1104 905 sane
1129 865 1229 904 fidei
1251 864 1316 904 vel
1340 865 1557 905 doctrinae
1582 867 1740 917 aiiquid
1763 866 1918 914 obstat,

134 927 221 966 sive
256 927 407 966 missas
441 927 480 965 ln
516 925 666 965 eadem
701 923 913 965 slavonica
948 923 1092 974 lingua
1127 937 1293 973 canere,
1328 925 1413 964 sive
1449 938 1615 965 sacrum
1640 924 1917 975 Evangelium

133 983 198 1025 vel
233 983 439 1025 lectiones
474 985 636 1024 divinas
669 985 779 1024 Novi
815 988 854 1024 et
885 985 1048 1024 Veteris
1081 985 1336 1024 Testamenti
1361 985 1470 1024 bene
1492 983 1708 1025 translatas
1730 989 1768 1024 et
1792 986 1916 1024 inter-

135 1048 316 1096 pretatas
335 1043 478 1095 legere
514 1048 552 1084 et
585 1043 661 1084 alia
694 1045 896 1084 horarum
933 1044 1072 1083 officia
1097 1045 1239 1083 omnia
1271 1042 1479 1094 psallere.‘
1517 1044 1658 1085 Quam
1685 1049 1912 1084 consuetu-

135 1104 278 1144 dinem
317 1102 468 1144 multas
501 1108 600 1155 post
630 1104 745 1143 vices
779 1104 912 1143 sanxit
944 1103 1199 1143 Benedictus
1232 1103 1322 1143 XIV
1356 1116 1431 1154 per
1455 1103 1713 1154 apostolicas
1746 1105 1916 1143 Litteras

135 1176 246 1204 anno
282 1163 535 1204 MDCCLIV
569 1163 637 1203 die
671 1163 784 1203 XXV
817 1162 996 1213 Angusti
1031 1163 1160 1202 datas.
1202 1186 1245 1190 —
1288 1164 1514 1203 Pontifices
1548 1168 1686 1204 autem
1722 1164 1915 1211 Romani,

136 1224 495 1274 quotiescumque
519 1235 648 1274 opem
682 1223 817 1273 rogati
852 1226 948 1262 sunt
981 1235 1002 1262 a
1036 1222 1301 1273 principibus
1333 1223 1444 1271 viris,
1480 1225 1552 1273 qui
1586 1222 1759 1274 populis
1793 1235 1917 1274 prae-

135 1286 277 1323 essent
310 1281 453 1335 Cyrilli
487 1283 785 1332 Methodiique
811 1294 942 1333 opera
964 1282 1016 1321 ad
1042 1283 1294 1321 christianos
1318 1283 1419 1322 ritus
1442 1283 1655 1331 traductis,
1679 1295 1912 1333 numquam

136 1343 429 1391 ommiserunt,
476 1346 519 1381 ut
551 1354 625 1382 sua
661 1342 973 1382 desideraretur
1007 1343 1046 1381 ln
1092 1339 1333 1381 adiuvando
1360 1342 1610 1393 benignitas,
1639 1344 1678 1381 in
1711 1342 1914 1382 docendo

134 1403 384 1450 humanitas,
420 1403 458 1441 in
494 1400 683 1441 consiliis
718 1402 870 1441 dandis
905 1400 1213 1449 benevolentia,
1250 1402 1288 1440 in
1323 1402 1452 1441 rebus
1488 1403 1701 1450 omnibus,
1738 1402 1915 1452 quibus-

135 1473 321 1512 cumque
356 1465 546 1512 possent,
583 1462 732 1501 eximia
765 1459 972 1501 voluntas.
1021 1462 1122 1500 Prae
1158 1461 1307 1500 ceteris
1340 1473 1441 1500 vero
1477 1460 1693 1510 Rastilaus,
1735 1461 1916 1501 Suento-

135 1519 304 1572 polcus,
350 1519 552 1569 Cocelus‚
598 1525 739 1561 sancta
775 1518 994 1569 Ludmilla,
1035 1521 1219 1570 Bogoris
1254 1521 1463 1570 insignem
1498 1521 1789 1560 Decessorum
1824 1521 1915 1560 No-

136 1584 321 1620 strorum
356 1581 566 1620 caritatem
601 1593 680 1631 pro
716 1593 759 1620 re
795 1584 833 1620 et
865 1584 1059 1630 tempore
1095 1581 1253 1630 experti
1287 1584 1394 1619 sunt.
1609 1626 1618 1636 ·

279 1642 298 1689 ἓ
338 1642 400 1681 10.
449 1641 602 1690 Neque
639 1638 781 1692 Cyrilli
816 1653 864 1680 ac
898 1640 1106 1679 Methodii
1140 1640 1303 1679 interitu
1339 1640 1520 1679 constitit
1553 1644 1621 1678 aut
1654 1640 1811 1679 remIsit
1843 1651 1916 1689 pa-

134 1703 250 1739 terna
284 1700 575 1741 Romanorum
610 1700 861 1739 Pontificum
896 1712 975 1750 pro
1011 1697 1232 1738 Slavoniae
1268 1697 1441 1749 populis
1465 1697 1733 1747 sollicitudo;
1768 1700 1844 1738 sed
1874 1700 1912 1737 in

133 1759 290 1799 tuenda
314 1759 428 1810 apud
454 1771 530 1799 eos
554 1760 766 1799 sanctitate
788 1757 1007 1809 religIOnis
1032 1759 1412 1809 conservandaque
1438 1760 1715 1809 prosperitate
1743 1757 1912 1808 publica

136 1831 308 1869 semper
341 1819 496 1858 enituit.
533 1819 690 1861 Revera
724 1819 776 1858 ad
811 1818 1020 1869 Bulgaros
1054 1816 1260 1858 Nicolaus
1294 1820 1305 1857 Ι
1339 1819 1585 1858 sacerdotes
1608 1820 1679 1868 qui
1704 1816 1913 1868 populum

138 1879 411 1926 instituerent,
447 1883 486 1918 et
509 1879 750 1929 Episcopos
775 1877 1158 1929 Populoniensium
1185 1882 1223 1917 et
1245 1879 1539 1917 Portuensium
1565 1878 1615 1917 ab
1642 1878 1756 1917 Urbe
1783 1879 1914 1919 Roma

137 1938 246 1977 misit
269 1939 340 1988 qui
366 1942 579 1977 recentem
605 1939 929 1978 christianorum
955 1939 1199 1977 societatem
1224 1938 1487 1977 ordinarent:
1513 1939 1608 1977 item
1633 1936 1913 1987 Bulgarorum

135 1997 296 2037 crebris
330 1998 382 2037 de
417 2009 539 2037 sacro
575 1998 663 2037 iure
699 1998 1001 2037 controversus
1026 1998 1059 2037 is
1083 1998 1173 2047 ipse
1196 2009 1404 2047 responsa
1428 2001 1692 2047 peramanter
1716 1996 1916 2044 reddidit,

135 2057 174 2096 in
209 2057 367 2107 quibus
399 2055 463 2096 vel
511 2058 550 2105 ii,
599 2058 670 2107 qui
706 2058 846 2096 minus
882 2055 1095 2096 Ecclesiae
1131 2058 1345 2099 Romanae
1379 2057 1528 2104 fav'ent,
1573 2069 1781 2096 summam
1816 2068 1914 2106 pru-

135 2115 317 2155 dentiam
352 2114 596 2156 collaudant
629 2120 753 2167 atque
787 2117 1036 2167 suspiciunt.
1072 2115 1134 2155 Ac
1170 2119 1268 2166 post
1300 2114 1538 2155 luctuosam
1562 2116 1724 2155 dissidii
1748 2114 1917 2154 calami-

133 2178 271 2223 tatem,
315 2173 405 2215 laus
448 2180 510 2216 est
548 2177 777 2216 Innocentii
812 2177 855 2216 ΙΙΙ
889 2174 1190 2216 reconciliasse
1225 2187 1322 2214 cum
1357 2174 1543 2215 Ecclesia
1578 2174 1783 2214 catholica
1818 2172 1915 2214 ssul-

135 2246 276 2284 garos,
319 2235 519 2285 Gregorii
554 2240 692 2275 autem
736 2236 800 2284 IX,
850 2236 1079 2276 Innocentii
1126 2236 1189 2283 IV,
1234 2233 1400 2274 Nicolai
1448 2236 1510 2283 IV,
1556 2235 1733 2285 Eugenii
1776 2235 1826 2274 IV
1873 2235 1911 2273 in

134 2292 401 2334 reconciliata
435 2296 564 2345 gratia
598 2296 833 2335 retinuisse.
874 2319 919 2323 —
959 2293 1154 2335 Similiter
1188 2307 1288 2344 erga
1323 2295 1581 2334 Bosnienses
1616 2298 1654 2334 et
1686 2295 1910 2343 Erzegovi-

134 2365 303 2402 nenses,
351 2366 572 2404 pravarum
617 2356 870 2405 opinionum
906 2355 1114 2405 deceptos
1148 2355 1368 2404 contagiis,
1416 2355 1635 2403 insigniter
1669 2352 1795 2393 eluxit
1829 2353 1913 2392 De-

137 2424 359 2453 cessorum
393 2414 649 2453 Nostrorum
685 2416 846 2462 carItas,
881 2413 1040 2454 scilicet
1074 2415 1303 2453 Innocentii
1338 2414 1381 2453 III
1416 2417 1454 2453 et
1487 2414 1716 2453 Innocentii
1751 2413 1813 2460 IV,
1843 2413 1914 2462 qui

137 2470 317 2512 evellere
353 2485 403 2512 ex
436 2474 585 2513 animis
610 2486 822 2522 errorem;
858 2474 1058 2523 Gregorii
1094 2474 1157 2521 IX,
1183 2471 1414 2513 Clementis
1435 2473 1499 2521 VI,
1532 2474 1589 2512 Pii
1612 2474 1652 2520 II,
1676 2474 1746 2522 qui
1772 2483 1914 2511 sacrae

137 2532 354 2582 potestatis
388 2533 547 2582 gradus
581 2545 657 2583 per
691 2545 761 2573 eas
795 2534 997 2583 regiones
1031 2531 1231 2573 stabiliter
1264 2533 1429 2572 firmare
1464 2533 1726 2572 studuerunt.
1752 2555 1795 2558 —
1821 2531 1913 2570 Nec

137 2592 347 2641 exiguam,
382 2604 461 2631 nec
495 2596 754 2642 postremam
789 2605 985 2632 curarum
1011 2605 1182 2632 suarum
1219 2596 1378 2642 partem
1403 2593 1671 2631 Innocentius
1695 2592 1751 2634 ΙΙΙ,
1786 2591 1916 2630 Nico-

136 2648 226 2690 laus
260 2651 323 2699 IV,
358 2652 613 2691 Benedictus
646 2653 711 2700 XI,
747 2651 951 2692 Clemens
986 2652 1020 2691 V
1054 2653 1093 2691 in
1131 2651 1301 2691 Servios
1335 2650 1566 2690 contulisse
1601 2651 1773 2701 putandi
1805 2653 1913 2695 sunt,

136 2721 157 2748 a
191 2710 350 2760 quibus
381 2711 565 2759 fraudes,
600 2711 653 2751 ad
687 2710 1021 2751 labefactandam
1056 2708 1309 2760 religionem
1345 2715 1476 2750 astute
1511 2714 1790 2760 comparatas,
1816 2721 1912 2758 pro-

134 2768 421 2809 videntissime
456 2771 765 2810 continuerunt.
806 2794 850 2798 —
902 2769 1118 2810 Dalmatae
1166 2782 1342 2820 quoque
1387 2774 1425 2809 et
1468 2770 1677 2808 Liburnici
1722 2769 1778 2807 ob
1813 2768 1911 2806 fidei

137 2829 427 2877 constantiam,
461 2830 881 2880 vicissitudinemqne
917 2830 1156 2869 officiorum
1191 2842 1212 2868 a
1247 2830 1400 2868 Ioanne
1434 2830 1482 2874 X,
1527 2841 1547 2867 a
1583 2829 1798 2877 Gregorio
1833 2827 1914 2873 VII,

138 2899 159 2926 a
193 2887 410 2937 Gregorio
445 2889 508 2937 IX,
553 2890 604 2928 ab
640 2889 815 2929 Urbano
860 2890 909 2929 IV
942 2890 1129 2928 favorem
1164 2886 1422 2937 singularem
1468 2892 1506 2927 et
1552 2889 1690 2936 gravia
1738 2884 1910 2925 laudum

137 2948 365 2996 praeconia
399 2948 539 2998 adepti
579 2952 686 2987 sunt.
724 2972 767 2976 ——
808 2949 1006 2998 Denique
1042 2949 1130 2997 Ipsa
1165 2948 1204 2986 in
1240 2945 1426 2986 Ecclesia
1461 2946 1702 2992 Sermiensi,
1738 2943 1912 2983 saeculo

138 3009 256 3045 sexto
306 3006 584 3046 barbarorum
634 3008 950 3047 incursionibus
997 3005 1147 3053 deleta,
1197 3010 1432 3056 posteaque
1477 3007 1605 3044 sancti
1654 3004 1852 3053 Stephani
1902 3003 1913 3041 1

139 3064 382 3115 Hungariae
416 3067 529 3115 regis
563 3067 635 3116 pio
670 3067 811 3106 studio
847 3067 1043 3113 restituta,
1088 3063 1215 3104 multa
1261 3068 1356 3103 sunt
1399 3064 1598 3113 Gregorii
1643 3064 1692 3102 IX
1736 3068 1773 3101 et
1817 3060 1912 3101 Cle-

141 3125 292 3164 mentis
325 3125 414 3164 XIV
449 3124 770 3165 benevolentiae
805 3128 1092 3165 monumenta.

281 3185 301 3232 §
341 3185 403 3223 11.
450 3184 726 3235 Quapropter
771 3185 959 3234 agendas
1004 3184 1098 3222 Deo
1151 3186 1289 3232 grates
1335 3194 1428 3222 esse
1474 3179 1757 3230 intelligimus,
1794 3179 1913 3229 quod

140 3241 296 3281 idonea
330 3243 469 3282 Nobis
511 3245 683 3283 occasio
731 3244 981 3294 praebeatur
1010 3242 1269 3291 gratificandi
1305 3242 1416 3290 genti
1452 3238 1685 3286 Slavorum,
1721 3251 1918 3278 commu-
