<?xml version="1.0" encoding="UTF-8"?>
<!DOCTYPE html PUBLIC "-//W3C//DTD XHTML 1.0 Transitional//EN"
    "http://www.w3.org/TR/xhtml1/DTD/xhtml1-transitional.dtd">
<html xmlns="http://www.w3.org/1999/xhtml" xml:lang="en" lang="en">
 <head>
  <title>
</title>
<meta http-equiv="Content-Type" content="text/html;charset=utf-8" />
  <meta name='ocr-system' content='tesseract 3.04.00' />
  <meta name='ocr-capabilities' content='ocr_page ocr_carea ocr_par ocr_line ocrx_word'/>
</head>
<body>
  <div class='ocr_page' id='page_1' title='image "./fonteshistoricil00jeliuoft_0385.png"; bbox 0 0 2191 3434; ppageno 0'>
   <div class='ocr_carea' id='block_1_1' title="bbox 614 325 1805 368">
    <p class='ocr_par' dir='ltr' id='par_1_1' title="bbox 614 325 1805 368">
     <span class='ocr_line' id='line_1_1' title="bbox 614 325 1805 368; baseline 0.004 -8"><span class='ocrx_word' id='word_1_1' title='bbox 614 325 1142 368; x_wconf 83' lang='lat' dir='ltr'>Glagolito-Romanae</span> <span class='ocrx_word' id='word_1_2' title='bbox 1170 327 1262 362; x_wconf 90' lang='lat' dir='ltr'>XIX.</span> <span class='ocrx_word' id='word_1_3' title='bbox 1290 338 1318 363; x_wconf 93' lang='lat' dir='ltr'>s.</span> <span class='ocrx_word' id='word_1_4' title='bbox 1760 331 1805 365; x_wconf 82' lang='lat'>43</span> 
     </span>
    </p>
   </div>
   <div class='ocr_carea' id='block_1_2' title="bbox 1130 387 1849 394">
    <p class='ocr_par' dir='ltr' id='par_1_2' title="bbox 1130 387 1849 394">
     <span class='ocr_line' id='line_1_2' title="bbox 1130 387 1849 394; baseline 0 0"><span class='ocrx_word' id='word_1_5' title='bbox 1130 387 1849 394; x_wconf 95' lang='lat' dir='ltr'> </span> 
     </span>
    </p>
   </div>
   <div class='ocr_carea' id='block_1_3' title="bbox 221 384 1011 392">
    <p class='ocr_par' dir='ltr' id='par_1_3' title="bbox 221 384 1011 392">
     <span class='ocr_line' id='line_1_3' title="bbox 221 384 1011 392; baseline 0 0"><span class='ocrx_word' id='word_1_6' title='bbox 221 384 1011 392; x_wconf 95' lang='lat' dir='ltr'> </span> 
     </span>
    </p>
   </div>
   <div class='ocr_carea' id='block_1_4' title="bbox 424 385 1011 392">
    <p class='ocr_par' dir='ltr' id='par_1_4' title="bbox 424 385 1011 392">
     <span class='ocr_line' id='line_1_4' title="bbox 424 385 1011 392; baseline 0 0"><span class='ocrx_word' id='word_1_7' title='bbox 424 385 1011 392; x_wconf 95' lang='lat' dir='ltr'> </span> 
     </span>
    </p>
   </div>
   <div class='ocr_carea' id='block_1_5' title="bbox 602 504 1305 555">
    <p class='ocr_par' dir='ltr' id='par_1_5' title="bbox 602 504 1305 555">
     <span class='ocr_line' id='line_1_5' title="bbox 602 504 1305 555; baseline 0.004 -10"><span class='ocrx_word' id='word_1_8' title='bbox 602 505 677 545; x_wconf 94' lang='grc'>47.</span> <span class='ocrx_word' id='word_1_9' title='bbox 717 505 853 555; x_wconf 88' lang='grc'><em>1834,</em></span> <span class='ocrx_word' id='word_1_10' title='bbox 888 505 918 546; x_wconf 88' lang='grc'><em>8</em></span> <span class='ocrx_word' id='word_1_11' title='bbox 952 504 1085 555; x_wconf 81' lang='grc' dir='ltr'>Μαίί,</span> <span class='ocrx_word' id='word_1_12' title='bbox 1120 504 1305 550; x_wconf 75' lang='lat' dir='ltr'>Romae.</span> 
     </span>
    </p>
   </div>
   <div class='ocr_carea' id='block_1_6' title="bbox 71 610 1851 805">
    <p class='ocr_par' dir='ltr' id='par_1_6' title="bbox 71 610 1851 805">
     <span class='ocr_line' id='line_1_6' title="bbox 216 610 1851 662; baseline 0.002 -10"><span class='ocrx_word' id='word_1_13' title='bbox 216 610 504 662; x_wconf 80' lang='lat' dir='ltr'>Responsivae</span> <span class='ocrx_word' id='word_1_14' title='bbox 552 611 603 650; x_wconf 88' lang='lat' dir='ltr'>ad</span> <span class='ocrx_word' id='word_1_15' title='bbox 651 612 959 662; x_wconf 84' lang='lat' dir='ltr'>praecedentes</span> <span class='ocrx_word' id='word_1_16' title='bbox 1009 613 1184 651; x_wconf 85' lang='lat' dir='ltr'>Ministri</span> <span class='ocrx_word' id='word_1_17' title='bbox 1233 612 1456 653; x_wconf 83' lang='lat' dir='ltr'>Generalis</span> <span class='ocrx_word' id='word_1_18' title='bbox 1501 615 1625 654; x_wconf 87' lang='lat' dir='ltr'>Tertii</span> <span class='ocrx_word' id='word_1_19' title='bbox 1673 615 1851 655; x_wconf 81' lang='lat' dir='ltr'>Ordinis</span> 
     </span>
     <span class='ocr_line' id='line_1_7' title="bbox 71 680 1850 733; baseline 0.004 -13"><span class='ocrx_word' id='word_1_20' title='bbox 71 680 111 721; x_wconf 87' lang='lat' dir='ltr'>S.</span> <span class='ocrx_word' id='word_1_21' title='bbox 136 682 345 721; x_wconf 76' lang='lat' dir='ltr'>francisci</span> <span class='ocrx_word' id='word_1_22' title='bbox 385 683 466 730; x_wconf 89' lang='lat' dir='ltr'>(fr.</span> <span class='ocrx_word' id='word_1_23' title='bbox 503 683 552 723; x_wconf 86' lang='lat' dir='ltr'>N.</span> <span class='ocrx_word' id='word_1_24' title='bbox 589 684 676 732; x_wconf 81' lang='lat'>46),</span> <span class='ocrx_word' id='word_1_25' title='bbox 719 683 838 733; x_wconf 87' lang='lat' dir='ltr'>quod</span> <span class='ocrx_word' id='word_1_26' title='bbox 879 683 1175 722; x_wconf 90' lang='lat' dir='ltr'>sacerdotibus</span> <span class='ocrx_word' id='word_1_27' title='bbox 1208 684 1333 723; x_wconf 89' lang='lat' dir='ltr'>Tertii</span> <span class='ocrx_word' id='word_1_28' title='bbox 1367 684 1543 724; x_wconf 86' lang='lat' dir='ltr'>Ordinis</span> <span class='ocrx_word' id='word_1_29' title='bbox 1578 685 1616 726; x_wconf 87' lang='lat' dir='ltr'>S.</span> <span class='ocrx_word' id='word_1_30' title='bbox 1643 687 1850 727; x_wconf 72' lang='lat' dir='ltr'>francisci</span> 
     </span>
     <span class='ocr_line' id='line_1_8' title="bbox 71 752 1849 805; baseline 0.003 -13"><span class='ocrx_word' id='word_1_31' title='bbox 71 754 161 793; x_wconf 92' lang='lat' dir='ltr'>sine</span> <span class='ocrx_word' id='word_1_32' title='bbox 195 752 512 803; x_wconf 74' lang='lat' dir='ltr'>dispensatione</span> <span class='ocrx_word' id='word_1_33' title='bbox 547 753 586 794; x_wconf 91' lang='lat' dir='ltr'>S.</span> <span class='ocrx_word' id='word_1_34' title='bbox 611 754 776 796; x_wconf 82' lang='lat' dir='ltr'>Rituum</span> <span class='ocrx_word' id='word_1_35' title='bbox 812 754 1176 805; x_wconf 82' lang='lat' dir='ltr'>Congregationis</span> <span class='ocrx_word' id='word_1_36' title='bbox 1210 755 1333 795; x_wconf 90' lang='lat' dir='ltr'>latine</span> <span class='ocrx_word' id='word_1_37' title='bbox 1369 756 1586 796; x_wconf 89' lang='lat' dir='ltr'>celebrare</span> <span class='ocrx_word' id='word_1_38' title='bbox 1620 769 1705 796; x_wconf 93' lang='lat' dir='ltr'>non</span> <span class='ocrx_word' id='word_1_39' title='bbox 1741 758 1849 799; x_wconf 82' lang='lat' dir='ltr'>licet.</span> 
     </span>
    </p>
   </div>
   <div class='ocr_carea' id='block_1_7' title="bbox 66 849 1850 1185">
    <p class='ocr_par' dir='ltr' id='par_1_7' title="bbox 66 849 1850 1185">
     <span class='ocr_line' id='line_1_9' title="bbox 217 849 1850 903; baseline 0.002 -15"><span class='ocrx_word' id='word_1_40' title='bbox 217 849 282 896; x_wconf 86' lang='lat' dir='ltr'>„In</span> <span class='ocrx_word' id='word_1_41' title='bbox 316 849 519 899; x_wconf 83' lang='lat' dir='ltr'>riguardo</span> <span class='ocrx_word' id='word_1_42' title='bbox 555 850 627 900; x_wconf 92' lang='lat' dir='ltr'>poi</span> <span class='ocrx_word' id='word_1_43' title='bbox 651 850 730 889; x_wconf 83' lang='lat' dir='ltr'>che</span> <span class='ocrx_word' id='word_1_44' title='bbox 763 850 788 888; x_wconf 94' lang='lat' dir='ltr'>li</span> <span class='ocrx_word' id='word_1_45' title='bbox 824 850 866 888; x_wconf 86' lang='grc' dir='ltr'>Ρ.</span> <span class='ocrx_word' id='word_1_46' title='bbox 889 849 930 888; x_wconf 83' lang='grc' dir='ltr'>Ρ.</span> <span class='ocrx_word' id='word_1_47' title='bbox 955 850 1096 889; x_wconf 84' lang='lat' dir='ltr'>hanno</span> <span class='ocrx_word' id='word_1_48' title='bbox 1132 851 1171 889; x_wconf 93' lang='lat' dir='ltr'>in</span> <span class='ocrx_word' id='word_1_49' title='bbox 1207 850 1356 890; x_wconf 90' lang='lat' dir='ltr'>Illirico</span> <span class='ocrx_word' id='word_1_50' title='bbox 1394 851 1679 899; x_wconf 78' lang='lat' dir='ltr'>l’officiatura‚</span> <span class='ocrx_word' id='word_1_51' title='bbox 1716 865 1737 892; x_wconf 94' lang='lat' dir='ltr'>e</span> <span class='ocrx_word' id='word_1_52' title='bbox 1772 865 1850 903; x_wconf 89' lang='lat' dir='ltr'>per</span> 
     </span>
     <span class='ocr_line' id='line_1_10' title="bbox 70 908 1848 959; baseline 0.003 -12"><span class='ocrx_word' id='word_1_53' title='bbox 70 919 151 947; x_wconf 90' lang='lat' dir='ltr'>una</span> <span class='ocrx_word' id='word_1_54' title='bbox 185 908 314 958; x_wconf 82' lang='lat' dir='ltr'>lunga</span> <span class='ocrx_word' id='word_1_55' title='bbox 347 909 658 948; x_wconf 89' lang='lat' dir='ltr'>consuetudine</span> <span class='ocrx_word' id='word_1_56' title='bbox 694 921 715 948; x_wconf 95' lang='lat' dir='ltr'>e</span> <span class='ocrx_word' id='word_1_57' title='bbox 748 909 849 948; x_wconf 80' lang='lat' dir='ltr'>forsi</span> <span class='ocrx_word' id='word_1_58' title='bbox 885 921 961 959; x_wconf 92' lang='lat' dir='ltr'>per</span> <span class='ocrx_word' id='word_1_59' title='bbox 993 921 1048 948; x_wconf 90' lang='lat' dir='ltr'>un</span> <span class='ocrx_word' id='word_1_60' title='bbox 1084 910 1265 959; x_wconf 81' lang='lat' dir='ltr'>qualche</span> <span class='ocrx_word' id='word_1_61' title='bbox 1307 910 1479 949; x_wconf 84' lang='lat' dir='ltr'>decreto</span> <span class='ocrx_word' id='word_1_62' title='bbox 1515 911 1625 951; x_wconf 88' lang='lat' dir='ltr'>della</span> <span class='ocrx_word' id='word_1_63' title='bbox 1659 911 1698 952; x_wconf 88' lang='lat' dir='ltr'>S.</span> <span class='ocrx_word' id='word_1_64' title='bbox 1727 912 1774 952; x_wconf 88' lang='lat' dir='ltr'>C.</span> <span class='ocrx_word' id='word_1_65' title='bbox 1808 913 1848 951; x_wconf 90' lang='lat' dir='ltr'>di</span> 
     </span>
     <span class='ocr_line' id='line_1_11' title="bbox 69 967 1846 1021; baseline 0.002 -13"><span class='ocrx_word' id='word_1_66' title='bbox 69 967 158 1017; x_wconf 79' lang='lat' dir='ltr'>Riti,</span> <span class='ocrx_word' id='word_1_67' title='bbox 199 967 346 1017; x_wconf 89' lang='lat' dir='ltr'>opino,</span> <span class='ocrx_word' id='word_1_68' title='bbox 389 968 468 1008; x_wconf 93' lang='lat' dir='ltr'>che</span> <span class='ocrx_word' id='word_1_69' title='bbox 510 968 562 1007; x_wconf 83' lang='lat' dir='ltr'>ne</span> <span class='ocrx_word' id='word_1_70' title='bbox 597 969 637 1008; x_wconf 93' lang='lat' dir='ltr'>io</span> <span class='ocrx_word' id='word_1_71' title='bbox 672 968 724 1008; x_wconf 78' lang='lat' dir='ltr'>ne</span> <span class='ocrx_word' id='word_1_72' title='bbox 760 969 784 1007; x_wconf 91' lang='lat' dir='ltr'>il</span> <span class='ocrx_word' id='word_1_73' title='bbox 820 968 863 1009; x_wconf 82' lang='lat' dir='ltr'>P.</span> <span class='ocrx_word' id='word_1_74' title='bbox 888 968 1150 1008; x_wconf 84' lang='lat' dir='ltr'>Provinciale</span> <span class='ocrx_word' id='word_1_75' title='bbox 1193 981 1322 1019; x_wconf 89' lang='lat' dir='ltr'>possa</span> <span class='ocrx_word' id='word_1_76' title='bbox 1356 969 1606 1020; x_wconf 86' lang='lat' dir='ltr'>dispensare</span> <span class='ocrx_word' id='word_1_77' title='bbox 1641 983 1661 1010; x_wconf 89' lang='lat' dir='ltr'>a</span> <span class='ocrx_word' id='word_1_78' title='bbox 1697 972 1846 1021; x_wconf 83' lang='lat' dir='ltr'>quindi</span> 
     </span>
     <span class='ocr_line' id='line_1_12' title="bbox 69 1026 1847 1079; baseline 0.003 -14"><span class='ocrx_word' id='word_1_79' title='bbox 69 1027 108 1066; x_wconf 92' lang='lat' dir='ltr'>in</span> <span class='ocrx_word' id='word_1_80' title='bbox 161 1026 303 1066; x_wconf 87' lang='lat' dir='ltr'>Latino</span> <span class='ocrx_word' id='word_1_81' title='bbox 353 1039 482 1077; x_wconf 92' lang='lat' dir='ltr'>possa</span> <span class='ocrx_word' id='word_1_82' title='bbox 523 1027 748 1067; x_wconf 78' lang='lat' dir='ltr'>effetuarsi.</span> <span class='ocrx_word' id='word_1_83' title='bbox 803 1028 987 1067; x_wconf 84' lang='lat' dir='ltr'>Peraltro</span> <span class='ocrx_word' id='word_1_84' title='bbox 1034 1040 1079 1067; x_wconf 90' lang='lat' dir='ltr'>se</span> <span class='ocrx_word' id='word_1_85' title='bbox 1124 1040 1144 1067; x_wconf 89' lang='lat' dir='ltr'>a</span> <span class='ocrx_word' id='word_1_86' title='bbox 1191 1029 1258 1068; x_wconf 84' lang='lat' dir='ltr'>Lei</span> <span class='ocrx_word' id='word_1_87' title='bbox 1307 1030 1519 1079; x_wconf 86' lang='lat' dir='ltr'>piacesse‚</span> <span class='ocrx_word' id='word_1_88' title='bbox 1574 1031 1847 1079; x_wconf 89' lang='lat' dir='ltr'>potrebbessi</span> 
     </span>
     <span class='ocr_line' id='line_1_13' title="bbox 68 1087 1847 1140; baseline 0.003 -16"><span class='ocrx_word' id='word_1_89' title='bbox 68 1097 268 1125; x_wconf 88' lang='lat' dir='ltr'>avanzare</span> <span class='ocrx_word' id='word_1_90' title='bbox 302 1087 495 1136; x_wconf 91' lang='lat' dir='ltr'>supplica</span> <span class='ocrx_word' id='word_1_91' title='bbox 530 1088 569 1126; x_wconf 91' lang='lat' dir='ltr'>in</span> <span class='ocrx_word' id='word_1_92' title='bbox 605 1087 653 1127; x_wconf 90' lang='lat' dir='ltr'>C.</span> <span class='ocrx_word' id='word_1_93' title='bbox 689 1087 742 1126; x_wconf 89' lang='lat' dir='ltr'>de</span> <span class='ocrx_word' id='word_1_94' title='bbox 777 1087 852 1129; x_wconf 81' lang='lat' dir='ltr'>Riti</span> <span class='ocrx_word' id='word_1_95' title='bbox 887 1088 953 1126; x_wconf 87' lang='lat' dir='ltr'>all&#39;</span> <span class='ocrx_word' id='word_1_96' title='bbox 975 1088 1146 1135; x_wconf 83' lang='lat' dir='ltr'>intento,</span> <span class='ocrx_word' id='word_1_97' title='bbox 1183 1100 1204 1127; x_wconf 92' lang='lat' dir='ltr'>e</span> <span class='ocrx_word' id='word_1_98' title='bbox 1239 1088 1429 1128; x_wconf 91' lang='lat' dir='ltr'>crederei</span> <span class='ocrx_word' id='word_1_99' title='bbox 1460 1101 1536 1139; x_wconf 95' lang='lat' dir='ltr'>per</span> <span class='ocrx_word' id='word_1_100' title='bbox 1557 1102 1639 1129; x_wconf 91' lang='lat' dir='ltr'>una</span> <span class='ocrx_word' id='word_1_101' title='bbox 1665 1091 1847 1140; x_wconf 81' lang='lat' dir='ltr'>qualche</span> 
     </span>
     <span class='ocr_line' id='line_1_14' title="bbox 66 1145 216 1185; baseline -0.007 0"><span class='ocrx_word' id='word_1_102' title='bbox 66 1145 216 1185; x_wconf 86' lang='lat' dir='ltr'>volta.“</span> 
     </span>
    </p>
   </div>
   <div class='ocr_carea' id='block_1_8' title="bbox 67 1238 1847 1322">
    <p class='ocr_par' dir='ltr' id='par_1_8' title="bbox 67 1238 1847 1322">
     <span class='ocr_line' id='line_1_15' title="bbox 209 1238 1847 1284; baseline 0.003 -12"><span class='ocrx_word' id='word_1_103' title='bbox 209 1238 475 1273; x_wconf 86' lang='lat' dir='ltr'>Authenticum</span> <span class='ocrx_word' id='word_1_104' title='bbox 504 1241 539 1274; x_wconf 89' lang='lat' dir='ltr'>et</span> <span class='ocrx_word' id='word_1_105' title='bbox 566 1239 826 1283; x_wconf 83' lang='lat' dir='ltr'>apographum</span> <span class='ocrx_word' id='word_1_106' title='bbox 857 1240 892 1274; x_wconf 89' lang='lat' dir='ltr'>in</span> <span class='ocrx_word' id='word_1_107' title='bbox 922 1239 1084 1275; x_wconf 85' lang='lat' dir='ltr'>Archivo</span> <span class='ocrx_word' id='word_1_108' title='bbox 1119 1242 1329 1275; x_wconf 86' lang='lat' dir='ltr'>conventus</span> <span class='ocrx_word' id='word_1_109' title='bbox 1355 1240 1548 1284; x_wconf 77' lang='lat' dir='ltr'>jadrensis</span> <span class='ocrx_word' id='word_1_110' title='bbox 1582 1252 1610 1276; x_wconf 96' lang='lat' dir='ltr'>s.</span> <span class='ocrx_word' id='word_1_111' title='bbox 1639 1242 1847 1284; x_wconf 74' lang='lat' dir='ltr'>Michaelis,</span> 
     </span>
     <span class='ocr_line' id='line_1_16' title="bbox 67 1284 898 1322; baseline 0.001 -2"><span class='ocrx_word' id='word_1_112' title='bbox 67 1284 159 1320; x_wconf 84' lang='lat' dir='ltr'>Acta</span> <span class='ocrx_word' id='word_1_113' title='bbox 186 1285 346 1321; x_wconf 84' lang='lat' dir='ltr'>Ministri</span> <span class='ocrx_word' id='word_1_114' title='bbox 374 1286 614 1322; x_wconf 85' lang='lat' dir='ltr'>Provincialis</span> <span class='ocrx_word' id='word_1_115' title='bbox 643 1288 681 1322; x_wconf 79' lang='grc' dir='ltr'>Ρ.</span> <span class='ocrx_word' id='word_1_116' title='bbox 703 1287 898 1322; x_wconf 75' lang='lat' dir='ltr'>Milolinic&#39;.</span> 
     </span>
    </p>
   </div>
   <div class='ocr_carea' id='block_1_9' title="bbox 622 1442 1287 1495">
    <p class='ocr_par' dir='ltr' id='par_1_9' title="bbox 622 1442 1287 1495">
     <span class='ocr_line' id='line_1_17' title="bbox 622 1442 1287 1495; baseline 0.003 -12"><span class='ocrx_word' id='word_1_117' title='bbox 622 1442 697 1483; x_wconf 81' lang='grc'>48.</span> <span class='ocrx_word' id='word_1_118' title='bbox 737 1443 874 1493; x_wconf 86' lang='grc'><em>1835,</em></span> <span class='ocrx_word' id='word_1_119' title='bbox 910 1443 1039 1495; x_wconf 75' lang='lat' dir='ltr'>apud</span> <span class='ocrx_word' id='word_1_120' title='bbox 1068 1442 1287 1485; x_wconf 70' lang='lat' dir='ltr'>Eranam.</span> 
     </span>
    </p>
   </div>
   <div class='ocr_carea' id='block_1_10' title="bbox 65 1549 1845 1811">
    <p class='ocr_par' dir='ltr' id='par_1_10' title="bbox 65 1549 1845 1811">
     <span class='ocr_line' id='line_1_18' title="bbox 207 1549 1840 1601; baseline 0.003 -14"><span class='ocrx_word' id='word_1_121' title='bbox 207 1549 510 1588; x_wconf 84' lang='lat' dir='ltr'>Monasterium</span> <span class='ocrx_word' id='word_1_122' title='bbox 553 1550 850 1601; x_wconf 78' lang='lat' dir='ltr'>Rayhradense</span> <span class='ocrx_word' id='word_1_123' title='bbox 886 1551 998 1601; x_wconf 90' lang='lat' dir='ltr'>apud</span> <span class='ocrx_word' id='word_1_124' title='bbox 1035 1552 1217 1592; x_wconf 82' lang='lat' dir='ltr'>ssrunam</span> <span class='ocrx_word' id='word_1_125' title='bbox 1252 1553 1468 1592; x_wconf 76' lang='lat' dir='ltr'>Ecclesiae</span> <span class='ocrx_word' id='word_1_126' title='bbox 1493 1553 1718 1593; x_wconf 72' lang='lat' dir='ltr'>cathedrali</span> <span class='ocrx_word' id='word_1_127' title='bbox 1746 1553 1840 1592; x_wconf 80' lang='lat' dir='ltr'>Pra-</span> 
     </span>
     <span class='ocr_line' id='line_1_19' title="bbox 65 1620 1845 1675; baseline 0.003 -17"><span class='ocrx_word' id='word_1_128' title='bbox 65 1620 185 1670; x_wconf 85' lang='lat' dir='ltr'>gensi</span> <span class='ocrx_word' id='word_1_129' title='bbox 221 1621 466 1670; x_wconf 83' lang='lat' dir='ltr'>particulam</span> <span class='ocrx_word' id='word_1_130' title='bbox 501 1633 550 1660; x_wconf 89' lang='lat' dir='ltr'>ex</span> <span class='ocrx_word' id='word_1_131' title='bbox 584 1633 657 1660; x_wconf 86' lang='lat' dir='ltr'>sua</span> <span class='ocrx_word' id='word_1_132' title='bbox 697 1622 874 1672; x_wconf 85' lang='lat' dir='ltr'>reliquia</span> <span class='ocrx_word' id='word_1_133' title='bbox 920 1623 998 1670; x_wconf 91' lang='lat' dir='ltr'>„de</span> <span class='ocrx_word' id='word_1_134' title='bbox 1033 1623 1209 1662; x_wconf 88' lang='lat' dir='ltr'>brachio</span> <span class='ocrx_word' id='word_1_135' title='bbox 1251 1622 1290 1664; x_wconf 89' lang='lat' dir='ltr'>S.</span> <span class='ocrx_word' id='word_1_136' title='bbox 1328 1623 1472 1675; x_wconf 83' lang='lat' dir='ltr'>Cyrilli</span> <span class='ocrx_word' id='word_1_137' title='bbox 1508 1624 1708 1674; x_wconf 78' lang='lat' dir='ltr'>Episcopi</span> <span class='ocrx_word' id='word_1_138' title='bbox 1753 1625 1845 1663; x_wconf 85' lang='lat' dir='ltr'>Mo-</span> 
     </span>
     <span class='ocr_line' id='line_1_20' title="bbox 66 1691 1845 1745; baseline 0.003 -15"><span class='ocrx_word' id='word_1_139' title='bbox 66 1703 263 1731; x_wconf 83' lang='lat' dir='ltr'>ravororn</span> <span class='ocrx_word' id='word_1_140' title='bbox 304 1691 544 1742; x_wconf 83' lang='lat' dir='ltr'>Apostoli“,</span> <span class='ocrx_word' id='word_1_141' title='bbox 580 1693 659 1732; x_wconf 88' lang='lat' dir='ltr'>iam</span> <span class='ocrx_word' id='word_1_142' title='bbox 694 1693 826 1733; x_wconf 87' lang='lat' dir='ltr'>XVIII.</span> <span class='ocrx_word' id='word_1_143' title='bbox 863 1695 1036 1733; x_wconf 88' lang='lat' dir='ltr'>saeculo</span> <span class='ocrx_word' id='word_1_144' title='bbox 1085 1694 1202 1734; x_wconf 91' lang='lat' dir='ltr'>dono</span> <span class='ocrx_word' id='word_1_145' title='bbox 1250 1698 1421 1745; x_wconf 85' lang='lat' dir='ltr'>accepta</span> <span class='ocrx_word' id='word_1_146' title='bbox 1457 1708 1477 1734; x_wconf 87' lang='lat' dir='ltr'>a</span> <span class='ocrx_word' id='word_1_147' title='bbox 1513 1695 1710 1745; x_wconf 89' lang='lat' dir='ltr'>Capitulo</span> <span class='ocrx_word' id='word_1_148' title='bbox 1746 1696 1845 1735; x_wconf 84' lang='lat' dir='ltr'>Bru-</span> 
     </span>
     <span class='ocr_line' id='line_1_21' title="bbox 67 1762 378 1811; baseline 0 -9"><span class='ocrx_word' id='word_1_149' title='bbox 67 1763 200 1811; x_wconf 90' lang='lat' dir='ltr'>nensi‚</span> <span class='ocrx_word' id='word_1_150' title='bbox 236 1762 378 1803; x_wconf 87' lang='lat' dir='ltr'>donat.</span> 
     </span>
    </p>
   </div>
   <div class='ocr_carea' id='block_1_11' title="bbox 65 1854 1847 1949">
    <p class='ocr_par' dir='ltr' id='par_1_11' title="bbox 65 1854 1847 1949">
     <span class='ocr_line' id='line_1_22' title="bbox 211 1854 1847 1902; baseline 0.002 -13"><span class='ocrx_word' id='word_1_151' title='bbox 211 1855 377 1899; x_wconf 80' lang='lat' dir='ltr'>Epistola</span> <span class='ocrx_word' id='word_1_152' title='bbox 411 1854 622 1890; x_wconf 89' lang='lat' dir='ltr'>Cardinalis</span> <span class='ocrx_word' id='word_1_153' title='bbox 651 1856 840 1892; x_wconf 88' lang='lat' dir='ltr'>Dominici</span> <span class='ocrx_word' id='word_1_154' title='bbox 867 1857 1046 1892; x_wconf 81' lang='lat' dir='ltr'>Bartolini</span> <span class='ocrx_word' id='word_1_155' title='bbox 1068 1869 1168 1893; x_wconf 88' lang='lat' dir='ltr'>anno</span> <span class='ocrx_word' id='word_1_156' title='bbox 1194 1859 1279 1893; x_wconf 92' lang='lat'><em>1881</em></span> <span class='ocrx_word' id='word_1_157' title='bbox 1303 1859 1349 1893; x_wconf 93' lang='lat' dir='ltr'>ad</span> <span class='ocrx_word' id='word_1_158' title='bbox 1371 1859 1554 1902; x_wconf 81' lang='lat' dir='ltr'>joannem</span> <span class='ocrx_word' id='word_1_159' title='bbox 1583 1859 1717 1893; x_wconf 91' lang='lat' dir='ltr'>Danilo</span> <span class='ocrx_word' id='word_1_160' title='bbox 1742 1858 1847 1897; x_wconf 73' lang='lat' dir='ltr'>data:</span> 
     </span>
     <span class='ocr_line' id='line_1_23' title="bbox 65 1901 1157 1949; baseline 0.003 -12"><span class='ocrx_word' id='word_1_161' title='bbox 65 1901 128 1937; x_wconf 80' lang='lat' dir='ltr'>cfr.</span> <span class='ocrx_word' id='word_1_162' title='bbox 157 1902 306 1945; x_wconf 87' lang='lat' dir='ltr'>Danilo,</span> <span class='ocrx_word' id='word_1_163' title='bbox 335 1902 395 1938; x_wconf 93' lang='lat' dir='ltr'>Sv.</span> <span class='ocrx_word' id='word_1_164' title='bbox 419 1903 533 1938; x_wconf 90' lang='lat' dir='ltr'>Cirilo</span> <span class='ocrx_word' id='word_1_165' title='bbox 562 1903 570 1936; x_wconf 92' lang='lat' dir='ltr'>i</span> <span class='ocrx_word' id='word_1_166' title='bbox 598 1901 918 1949; x_wconf 82' lang='lat' dir='ltr'>Metod‚&#39;Jadrae‚</span> <span class='ocrx_word' id='word_1_167' title='bbox 949 1906 1049 1948; x_wconf 87' lang='grc'><strong>1887,</strong></span> <span class='ocrx_word' id='word_1_168' title='bbox 1080 1907 1157 1941; x_wconf 84' lang='grc'><em>127.</em></span> 
     </span>
    </p>
   </div>
   <div class='ocr_carea' id='block_1_12' title="bbox 703 2060 1203 2112">
    <p class='ocr_par' dir='ltr' id='par_1_12' title="bbox 703 2060 1203 2112">
     <span class='ocr_line' id='line_1_24' title="bbox 703 2060 1203 2112; baseline 0.006 -11"><span class='ocrx_word' id='word_1_169' title='bbox 703 2061 779 2103; x_wconf 84' lang='grc'>49.</span> <span class='ocrx_word' id='word_1_170' title='bbox 819 2061 954 2112; x_wconf 82' lang='grc'><em>1838,</em></span> <span class='ocrx_word' id='word_1_171' title='bbox 999 2060 1203 2104; x_wconf 76' lang='lat' dir='ltr'>Veszetiis.</span> 
     </span>
    </p>
   </div>
   <div class='ocr_carea' id='block_1_13' title="bbox 63 2167 1842 2361">
    <p class='ocr_par' dir='ltr' id='par_1_13' title="bbox 63 2167 1842 2361">
     <span class='ocr_line' id='line_1_25' title="bbox 206 2167 1842 2220; baseline 0.001 -14"><span class='ocrx_word' id='word_1_172' title='bbox 206 2167 543 2217; x_wconf 80' lang='lat' dir='ltr'>Evangeliarium</span> <span class='ocrx_word' id='word_1_173' title='bbox 586 2169 729 2219; x_wconf 83' lang='lat' dir='ltr'>lingua</span> <span class='ocrx_word' id='word_1_174' title='bbox 764 2169 946 2208; x_wconf 89' lang='lat' dir='ltr'>croatica</span> <span class='ocrx_word' id='word_1_175' title='bbox 980 2170 1196 2220; x_wconf 82' lang='lat' dir='ltr'>vulgaria</span> <span class='ocrx_word' id='word_1_176' title='bbox 1232 2170 1353 2210; x_wconf 81' lang='lat' dir='ltr'>Petro</span> <span class='ocrx_word' id='word_1_177' title='bbox 1387 2169 1593 2211; x_wconf 71' lang='lat' dir='ltr'>Kneievic</span> <span class='ocrx_word' id='word_1_178' title='bbox 1628 2170 1842 2212; x_wconf 81' lang='lat' dir='ltr'>Kniniensi</span> 
     </span>
     <span class='ocr_line' id='line_1_26' title="bbox 65 2235 1842 2290; baseline 0.002 -14"><span class='ocrx_word' id='word_1_179' title='bbox 65 2236 141 2278; x_wconf 92' lang='lat' dir='ltr'>Or.</span> <span class='ocrx_word' id='word_1_180' title='bbox 157 2235 197 2276; x_wconf 88' lang='lat' dir='ltr'>S.</span> <span class='ocrx_word' id='word_1_181' title='bbox 219 2238 426 2278; x_wconf 70' lang='lat' dir='ltr'>francisci</span> <span class='ocrx_word' id='word_1_182' title='bbox 447 2240 503 2278; x_wconf 89' lang='grc' dir='ltr'>Μ.</span> <span class='ocrx_word' id='word_1_183' title='bbox 524 2239 649 2288; x_wconf 89' lang='lat' dir='ltr'>Obs.,</span> <span class='ocrx_word' id='word_1_184' title='bbox 674 2241 753 2279; x_wconf 87' lang='lat' dir='ltr'>iarn</span> <span class='ocrx_word' id='word_1_185' title='bbox 779 2241 961 2290; x_wconf 89' lang='lat' dir='ltr'>primum</span> <span class='ocrx_word' id='word_1_186' title='bbox 983 2253 1092 2280; x_wconf 92' lang='lat' dir='ltr'>anno</span> <span class='ocrx_word' id='word_1_187' title='bbox 1115 2242 1222 2280; x_wconf 83' lang='lat'>1773</span> <span class='ocrx_word' id='word_1_188' title='bbox 1247 2242 1403 2280; x_wconf 86' lang='lat' dir='ltr'>editum</span> <span class='ocrx_word' id='word_1_189' title='bbox 1430 2241 1532 2289; x_wconf 75' lang='lat' dir='ltr'>[Cir.</span> <span class='ocrx_word' id='word_1_190' title='bbox 1556 2242 1707 2280; x_wconf 91' lang='lat' dir='ltr'>fontes</span> <span class='ocrx_word' id='word_1_191' title='bbox 1723 2241 1842 2280; x_wconf 86' lang='lat' dir='ltr'>XVIII</span> 
     </span>
     <span class='ocr_line' id='line_1_27' title="bbox 63 2309 663 2361; baseline 0.005 -14"><span class='ocrx_word' id='word_1_192' title='bbox 63 2310 128 2356; x_wconf 90' lang='lat' dir='ltr'>s.]‚</span> <span class='ocrx_word' id='word_1_193' title='bbox 162 2309 282 2348; x_wconf 88' lang='lat' dir='ltr'>tertio</span> <span class='ocrx_word' id='word_1_194' title='bbox 315 2310 423 2360; x_wconf 89' lang='lat' dir='ltr'>typis</span> <span class='ocrx_word' id='word_1_195' title='bbox 456 2311 663 2361; x_wconf 84' lang='lat' dir='ltr'>vulgatur.</span> 
     </span>
    </p>
   </div>
   <div class='ocr_carea' id='block_1_14' title="bbox 203 2401 1211 2449">
    <p class='ocr_par' dir='ltr' id='par_1_14' title="bbox 203 2401 1211 2449">
     <span class='ocr_line' id='line_1_28' title="bbox 203 2401 1211 2449; baseline 0.003 -14"><span class='ocrx_word' id='word_1_196' title='bbox 203 2401 406 2444; x_wconf 87' lang='lat' dir='ltr'>Milinovic&#39;,</span> <span class='ocrx_word' id='word_1_197' title='bbox 436 2402 559 2438; x_wconf 83' lang='lat' dir='ltr'>Crtice</span> <span class='ocrx_word' id='word_1_198' title='bbox 579 2413 601 2437; x_wconf 94' lang='lat' dir='ltr'>o</span> <span class='ocrx_word' id='word_1_199' title='bbox 630 2402 849 2447; x_wconf 86' lang='lat' dir='ltr'>slovenskoj</span> <span class='ocrx_word' id='word_1_200' title='bbox 877 2403 1036 2449; x_wconf 82' lang='lat' dir='ltr'>liturgiji.</span> <span class='ocrx_word' id='word_1_201' title='bbox 1069 2404 1134 2439; x_wconf 73' lang='lat'>146</span> <span class='ocrx_word' id='word_1_202' title='bbox 1162 2415 1211 2439; x_wconf 93' lang='lat' dir='ltr'>ss.</span> 
     </span>
    </p>
   </div>
   <div class='ocr_carea' id='block_1_15' title="bbox 560 2545 1339 2601">
    <p class='ocr_par' dir='ltr' id='par_1_15' title="bbox 560 2545 1339 2601">
     <span class='ocr_line' id='line_1_29' title="bbox 560 2545 1339 2601; baseline 0.001 -14"><span class='ocrx_word' id='word_1_203' title='bbox 560 2546 633 2588; x_wconf 84' lang='lat'>50.</span> <span class='ocrx_word' id='word_1_204' title='bbox 674 2547 811 2597; x_wconf 87' lang='grc'><em>1843,</em></span> <span class='ocrx_word' id='word_1_205' title='bbox 847 2547 910 2590; x_wconf 79' lang='grc'>29</span> <span class='ocrx_word' id='word_1_206' title='bbox 942 2545 1128 2600; x_wconf 70' lang='lat' dir='ltr'>Aprilis,</span> <span class='ocrx_word' id='word_1_207' title='bbox 1151 2547 1339 2601; x_wconf 76' lang='lat' dir='ltr'>jadrae.</span> 
     </span>
    </p>
   </div>
   <div class='ocr_carea' id='block_1_16' title="bbox 60 2651 1839 2918">
    <p class='ocr_par' dir='ltr' id='par_1_16' title="bbox 60 2651 1839 2918">
     <span class='ocr_line' id='line_1_30' title="bbox 202 2651 1838 2705; baseline 0.001 -13"><span class='ocrx_word' id='word_1_208' title='bbox 202 2651 250 2693; x_wconf 90' lang='lat' dir='ltr'>C.</span> <span class='ocrx_word' id='word_1_209' title='bbox 275 2652 318 2694; x_wconf 79' lang='lat' dir='ltr'>R.</span> <span class='ocrx_word' id='word_1_210' title='bbox 355 2652 622 2693; x_wconf 85' lang='lat' dir='ltr'>Gubernium</span> <span class='ocrx_word' id='word_1_211' title='bbox 658 2654 939 2694; x_wconf 75' lang='lat' dir='ltr'>Dalmaticum</span> <span class='ocrx_word' id='word_1_212' title='bbox 975 2655 1096 2694; x_wconf 87' lang='lat' dir='ltr'>instat</span> <span class='ocrx_word' id='word_1_213' title='bbox 1118 2656 1231 2705; x_wconf 90' lang='lat' dir='ltr'>apud</span> <span class='ocrx_word' id='word_1_214' title='bbox 1256 2655 1572 2695; x_wconf 79' lang='lat' dir='ltr'>Ordinariatuni</span> <span class='ocrx_word' id='word_1_215' title='bbox 1596 2655 1838 2705; x_wconf 84' lang='lat' dir='ltr'>Archiepis-</span> 
     </span>
     <span class='ocr_line' id='line_1_31' title="bbox 63 2723 1838 2776; baseline 0.002 -15"><span class='ocrx_word' id='word_1_216' title='bbox 63 2723 257 2772; x_wconf 91' lang='lat' dir='ltr'>copalem</span> <span class='ocrx_word' id='word_1_217' title='bbox 290 2723 554 2773; x_wconf 87' lang='lat' dir='ltr'>Jadrensem‚</span> <span class='ocrx_word' id='word_1_218' title='bbox 590 2729 644 2774; x_wconf 83' lang='lat' dir='ltr'>ut,</span> <span class='ocrx_word' id='word_1_219' title='bbox 671 2726 898 2775; x_wconf 87' lang='lat' dir='ltr'>quomodo</span> <span class='ocrx_word' id='word_1_220' title='bbox 924 2727 963 2765; x_wconf 89' lang='lat' dir='ltr'>in</span> <span class='ocrx_word' id='word_1_221' title='bbox 987 2727 1202 2776; x_wconf 88' lang='lat' dir='ltr'>parochiis</span> <span class='ocrx_word' id='word_1_222' title='bbox 1226 2726 1424 2771; x_wconf 79' lang='lat' dir='ltr'>foraneis,</span> <span class='ocrx_word' id='word_1_223' title='bbox 1448 2728 1498 2766; x_wconf 88' lang='lat' dir='ltr'>ita</span> <span class='ocrx_word' id='word_1_224' title='bbox 1516 2731 1553 2766; x_wconf 92' lang='lat' dir='ltr'>et</span> <span class='ocrx_word' id='word_1_225' title='bbox 1575 2728 1613 2765; x_wconf 94' lang='lat' dir='ltr'>in</span> <span class='ocrx_word' id='word_1_226' title='bbox 1637 2727 1838 2776; x_wconf 86' lang='lat' dir='ltr'>parochia</span> 
     </span>
     <span class='ocr_line' id='line_1_32' title="bbox 61 2792 1839 2848; baseline 0.002 -16"><span class='ocrx_word' id='word_1_227' title='bbox 61 2792 218 2833; x_wconf 88' lang='lat' dir='ltr'>urbana</span> <span class='ocrx_word' id='word_1_228' title='bbox 258 2793 298 2835; x_wconf 88' lang='lat' dir='ltr'>S.</span> <span class='ocrx_word' id='word_1_229' title='bbox 333 2794 546 2835; x_wconf 88' lang='lat' dir='ltr'>Simeonis</span> <span class='ocrx_word' id='word_1_230' title='bbox 593 2797 757 2847; x_wconf 83' lang='lat' dir='ltr'>liturgia</span> <span class='ocrx_word' id='word_1_231' title='bbox 793 2797 1259 2848; x_wconf 76' lang='lat' dir='ltr'>Glagolito-Rornana,</span> <span class='ocrx_word' id='word_1_232' title='bbox 1306 2801 1432 2848; x_wconf 86' lang='lat' dir='ltr'>prout</span> <span class='ocrx_word' id='word_1_233' title='bbox 1466 2800 1544 2837; x_wconf 86' lang='lat' dir='ltr'>iam</span> <span class='ocrx_word' id='word_1_234' title='bbox 1590 2809 1699 2836; x_wconf 87' lang='lat' dir='ltr'>anno</span> <span class='ocrx_word' id='word_1_235' title='bbox 1731 2797 1839 2835; x_wconf 86' lang='lat'><em>1830</em></span> 
     </span>
     <span class='ocr_line' id='line_1_33' title="bbox 60 2863 1676 2918; baseline 0.003 -15"><span class='ocrx_word' id='word_1_236' title='bbox 60 2863 317 2905; x_wconf 85' lang='lat' dir='ltr'>aDominio</span> <span class='ocrx_word' id='word_1_237' title='bbox 353 2866 572 2906; x_wconf 84' lang='lat' dir='ltr'>Austriaco</span> <span class='ocrx_word' id='word_1_238' title='bbox 609 2867 711 2916; x_wconf 75' lang='lat' dir='ltr'>[Cir.</span> <span class='ocrx_word' id='word_1_239' title='bbox 747 2868 798 2909; x_wconf 88' lang='lat' dir='ltr'>N.</span> <span class='ocrx_word' id='word_1_240' title='bbox 834 2869 920 2917; x_wconf 81' lang='grc'><em>43],</em></span> <span class='ocrx_word' id='word_1_241' title='bbox 963 2869 1231 2918; x_wconf 87' lang='lat' dir='ltr'>propositum</span> <span class='ocrx_word' id='word_1_242' title='bbox 1268 2873 1340 2915; x_wconf 84' lang='lat' dir='ltr'>est,</span> <span class='ocrx_word' id='word_1_243' title='bbox 1377 2869 1676 2908; x_wconf 77' lang='lat' dir='ltr'>Introducatur.</span> 
     </span>
    </p>
   </div>
   <div class='ocr_carea' id='block_1_17' title="bbox 60 2947 1834 3295">
    <p class='ocr_par' dir='ltr' id='par_1_17' title="bbox 60 2947 1834 3295">
     <span class='ocr_line' id='line_1_34' title="bbox 199 2947 1833 2993; baseline 0.001 -7"><span class='ocrx_word' id='word_1_244' title='bbox 199 2947 281 2988; x_wconf 86' lang='lat' dir='ltr'>No.</span> <span class='ocrx_word' id='word_1_245' title='bbox 316 2948 621 2990; x_wconf 84' lang='lat'>9322—1594.</span> <span class='ocrx_word' id='word_1_246' title='bbox 662 2950 711 2989; x_wconf 79' lang='lat' dir='ltr'>Al</span> <span class='ocrx_word' id='word_1_247' title='bbox 753 2951 849 2993; x_wconf 79' lang='lat' dir='ltr'>Rev.</span> <span class='ocrx_word' id='word_1_248' title='bbox 885 2963 954 2990; x_wconf 87' lang='lat' dir='ltr'>mo</span> <span class='ocrx_word' id='word_1_249' title='bbox 1000 2950 1271 2990; x_wconf 87' lang='lat' dir='ltr'>Ordinariato</span> <span class='ocrx_word' id='word_1_250' title='bbox 1316 2951 1630 2990; x_wconf 83' lang='lat' dir='ltr'>Arcivescovile</span> <span class='ocrx_word' id='word_1_251' title='bbox 1679 2951 1833 2988; x_wconf 80' lang='lat' dir='ltr'>Metro-</span> 
     </span>
     <span class='ocr_line' id='line_1_35' title="bbox 61 3005 1833 3059; baseline 0.002 -15"><span class='ocrx_word' id='word_1_252' title='bbox 61 3005 260 3053; x_wconf 90' lang='lat' dir='ltr'>politano.</span> <span class='ocrx_word' id='word_1_253' title='bbox 297 3006 376 3047; x_wconf 75' lang='lat' dir='ltr'>Gia</span> <span class='ocrx_word' id='word_1_254' title='bbox 410 3020 491 3047; x_wconf 94' lang='lat' dir='ltr'>con</span> <span class='ocrx_word' id='word_1_255' title='bbox 532 3009 698 3048; x_wconf 86' lang='lat' dir='ltr'>riverito</span> <span class='ocrx_word' id='word_1_256' title='bbox 743 3011 881 3049; x_wconf 90' lang='lat' dir='ltr'>aulico</span> <span class='ocrx_word' id='word_1_257' title='bbox 928 3010 1158 3059; x_wconf 80' lang='lat' dir='ltr'>Dispaceio</span> <span class='ocrx_word' id='word_1_258' title='bbox 1206 3008 1273 3049; x_wconf 88' lang='lat' dir='ltr'>die</span> <span class='ocrx_word' id='word_1_259' title='bbox 1309 3012 1362 3048; x_wconf 76' lang='lat'>24</span> <span class='ocrx_word' id='word_1_260' title='bbox 1401 3010 1549 3059; x_wconf 74' lang='lat' dir='ltr'>Luglio</span> <span class='ocrx_word' id='word_1_261' title='bbox 1598 3010 1705 3047; x_wconf 82' lang='lat'><em>1830</em></span> <span class='ocrx_word' id='word_1_262' title='bbox 1753 3008 1833 3047; x_wconf 75' lang='lat' dir='ltr'>No.</span> 
     </span>
     <span class='ocr_line' id='line_1_36' title="bbox 65 3065 1834 3122; baseline 0.001 -20"><span class='ocrx_word' id='word_1_263' title='bbox 65 3065 254 3104; x_wconf 85' lang='lat'><em>15703—</em></span> <span class='ocrx_word' id='word_1_264' title='bbox 294 3067 406 3105; x_wconf 87' lang='grc'><em>2174</em></span> <span class='ocrx_word' id='word_1_265' title='bbox 442 3069 712 3108; x_wconf 87' lang='lat' dir='ltr'>comunicato</span> <span class='ocrx_word' id='word_1_266' title='bbox 748 3081 830 3108; x_wconf 94' lang='lat' dir='ltr'>con</span> <span class='ocrx_word' id='word_1_267' title='bbox 866 3069 1109 3122; x_wconf 82' lang='lat' dir='ltr'>governiale</span> <span class='ocrx_word' id='word_1_268' title='bbox 1145 3068 1318 3108; x_wconf 92' lang='lat' dir='ltr'>decreto</span> <span class='ocrx_word' id='word_1_269' title='bbox 1354 3069 1424 3107; x_wconf 91' lang='lat' dir='ltr'>dei</span> <span class='ocrx_word' id='word_1_270' title='bbox 1467 3070 1515 3107; x_wconf 95' lang='grc'><em>10</em></span> <span class='ocrx_word' id='word_1_271' title='bbox 1547 3068 1710 3117; x_wconf 76' lang='lat' dir='ltr'>Agosto</span> <span class='ocrx_word' id='word_1_272' title='bbox 1742 3079 1834 3105; x_wconf 85' lang='lat' dir='ltr'>suc-</span> 
     </span>
     <span class='ocr_line' id='line_1_37' title="bbox 61 3125 1833 3176; baseline 0.001 -14"><span class='ocrx_word' id='word_1_273' title='bbox 61 3125 223 3163; x_wconf 90' lang='lat' dir='ltr'>cessivo</span> <span class='ocrx_word' id='word_1_274' title='bbox 259 3125 341 3164; x_wconf 86' lang='lat' dir='ltr'>No.</span> <span class='ocrx_word' id='word_1_275' title='bbox 383 3127 700 3167; x_wconf 83' lang='lat'><em>15809—2676</em></span> <span class='ocrx_word' id='word_1_276' title='bbox 734 3128 775 3166; x_wconf 81' lang='lat' dir='ltr'>fu</span> <span class='ocrx_word' id='word_1_277' title='bbox 811 3128 1005 3167; x_wconf 88' lang='lat' dir='ltr'>ordinato</span> <span class='ocrx_word' id='word_1_278' title='bbox 1041 3127 1080 3165; x_wconf 89' lang='lat' dir='ltr'>di</span> <span class='ocrx_word' id='word_1_279' title='bbox 1124 3127 1332 3176; x_wconf 89' lang='lat' dir='ltr'>prendere</span> <span class='ocrx_word' id='word_1_280' title='bbox 1382 3129 1421 3166; x_wconf 92' lang='lat' dir='ltr'>in</span> <span class='ocrx_word' id='word_1_281' title='bbox 1464 3127 1626 3165; x_wconf 83' lang='lat' dir='ltr'>dovuto</span> <span class='ocrx_word' id='word_1_282' title='bbox 1669 3126 1833 3164; x_wconf 81' lang='lat' dir='ltr'>riflesso</span> 
     </span>
     <span class='ocr_line' id='line_1_38' title="bbox 60 3185 1833 3236; baseline 0.001 -16"><span class='ocrx_word' id='word_1_283' title='bbox 60 3191 104 3220; x_wconf 91' lang='lat' dir='ltr'>se</span> <span class='ocrx_word' id='word_1_284' title='bbox 137 3195 221 3222; x_wconf 93' lang='lat' dir='ltr'>non</span> <span class='ocrx_word' id='word_1_285' title='bbox 256 3195 477 3235; x_wconf 81' lang='lat' dir='ltr'>convenga</span> <span class='ocrx_word' id='word_1_286' title='bbox 512 3186 721 3236; x_wconf 87' lang='lat' dir='ltr'>disporre,</span> <span class='ocrx_word' id='word_1_287' title='bbox 757 3187 836 3226; x_wconf 88' lang='lat' dir='ltr'>che</span> <span class='ocrx_word' id='word_1_288' title='bbox 871 3187 980 3226; x_wconf 91' lang='lat' dir='ltr'>nella</span> <span class='ocrx_word' id='word_1_289' title='bbox 1017 3186 1170 3225; x_wconf 84' lang='lat' dir='ltr'>Chiesa</span> <span class='ocrx_word' id='word_1_290' title='bbox 1206 3186 1246 3224; x_wconf 89' lang='lat' dir='ltr'>di</span> <span class='ocrx_word' id='word_1_291' title='bbox 1272 3185 1309 3224; x_wconf 89' lang='lat' dir='ltr'>S.</span> <span class='ocrx_word' id='word_1_292' title='bbox 1337 3185 1540 3225; x_wconf 87' lang='lat' dir='ltr'>Simeone</span> <span class='ocrx_word' id='word_1_293' title='bbox 1574 3196 1708 3233; x_wconf 79' lang='lat' dir='ltr'>venga</span> <span class='ocrx_word' id='word_1_294' title='bbox 1744 3195 1833 3223; x_wconf 92' lang='lat' dir='ltr'>ese-</span> 
     </span>
     <span class='ocr_line' id='line_1_39' title="bbox 61 3241 1833 3295; baseline 0.001 -16"><span class='ocrx_word' id='word_1_295' title='bbox 61 3241 176 3290; x_wconf 86' lang='lat' dir='ltr'>guito</span> <span class='ocrx_word' id='word_1_296' title='bbox 221 3243 394 3283; x_wconf 76' lang='lat' dir='ltr'>l&#39;uffiCio</span> <span class='ocrx_word' id='word_1_297' title='bbox 441 3245 584 3283; x_wconf 89' lang='lat' dir='ltr'>divino</span> <span class='ocrx_word' id='word_1_298' title='bbox 629 3246 737 3284; x_wconf 91' lang='lat' dir='ltr'>colla</span> <span class='ocrx_word' id='word_1_299' title='bbox 788 3246 1086 3295; x_wconf 87' lang='lat' dir='ltr'>predicazione</span> <span class='ocrx_word' id='word_1_300' title='bbox 1122 3245 1173 3284; x_wconf 89' lang='lat' dir='ltr'>ed</span> <span class='ocrx_word' id='word_1_301' title='bbox 1222 3246 1449 3284; x_wconf 80' lang='lat' dir='ltr'>lstruzione</span> <span class='ocrx_word' id='word_1_302' title='bbox 1498 3244 1748 3283; x_wconf 81' lang='lat' dir='ltr'>catechetica</span> <span class='ocrx_word' id='word_1_303' title='bbox 1796 3243 1833 3280; x_wconf 89' lang='lat' dir='ltr'>in</span> 
     </span>
    </p>
   </div>
  </div>
 </body>
</html>
