<?xml version="1.0" encoding="UTF-8"?>
<!DOCTYPE html PUBLIC "-//W3C//DTD XHTML 1.0 Transitional//EN"
    "http://www.w3.org/TR/xhtml1/DTD/xhtml1-transitional.dtd">
<html xmlns="http://www.w3.org/1999/xhtml" xml:lang="en" lang="en">
 <head>
  <title>
</title>
<meta http-equiv="Content-Type" content="text/html;charset=utf-8" />
  <meta name='ocr-system' content='tesseract 3.04.00' />
  <meta name='ocr-capabilities' content='ocr_page ocr_carea ocr_par ocr_line ocrx_word'/>
</head>
<body>
  <div class='ocr_page' id='page_1' title='image "./fonteshistoricil00jeliuoft_0213.png"; bbox 0 0 2191 3434; ppageno 0'>
   <div class='ocr_carea' id='block_1_1' title="bbox 537 290 1805 336">
    <p class='ocr_par' dir='ltr' id='par_1_1' title="bbox 537 290 1805 336">
     <span class='ocr_line' id='line_1_1' title="bbox 537 290 1805 336; baseline 0.002 -11"><span class='ocrx_word' id='word_1_1' title='bbox 537 290 1076 336; x_wconf 74' lang='lat' dir='ltr'>Glagolito-Romanae</span> <span class='ocrx_word' id='word_1_2' title='bbox 1125 290 1281 326; x_wconf 86' lang='lat' dir='ltr'>XVII.</span> <span class='ocrx_word' id='word_1_3' title='bbox 1331 303 1367 326; x_wconf 84' lang='lat' dir='ltr'>s.</span> <span class='ocrx_word' id='word_1_4' title='bbox 1762 294 1805 328; x_wconf 79' lang='lat'>57</span> 
     </span>
    </p>
   </div>
   <div class='ocr_carea' id='block_1_2' title="bbox 46 429 1848 532">
    <p class='ocr_par' dir='ltr' id='par_1_2' title="bbox 46 429 1848 532">
     <span class='ocr_line' id='line_1_2' title="bbox 189 429 1848 484; baseline 0.001 -12"><span class='ocrx_word' id='word_1_5' title='bbox 189 431 263 482; x_wconf 88' lang='lat' dir='ltr'>„In</span> <span class='ocrx_word' id='word_1_6' title='bbox 294 431 496 472; x_wconf 87' lang='lat' dir='ltr'>universa</span> <span class='ocrx_word' id='word_1_7' title='bbox 529 429 729 472; x_wconf 90' lang='lat' dir='ltr'>Dioecesi</span> <span class='ocrx_word' id='word_1_8' title='bbox 761 431 920 484; x_wconf 84' lang='lat' dir='ltr'>partim</span> <span class='ocrx_word' id='word_1_9' title='bbox 952 431 1107 472; x_wconf 89' lang='lat' dir='ltr'>Latino</span> <span class='ocrx_word' id='word_1_10' title='bbox 1155 431 1365 472; x_wconf 82' lang='lat' dir='ltr'>idiomate</span> <span class='ocrx_word' id='word_1_11' title='bbox 1397 431 1557 484; x_wconf 87' lang='lat' dir='ltr'>partim</span> <span class='ocrx_word' id='word_1_12' title='bbox 1589 430 1746 474; x_wconf 81' lang='lat' dir='ltr'>Illirico</span> <span class='ocrx_word' id='word_1_13' title='bbox 1781 434 1848 474; x_wconf 87' lang='lat' dir='ltr'>di-</span> 
     </span>
     <span class='ocr_line' id='line_1_3' title="bbox 46 490 495 532; baseline -0.004 -1"><span class='ocrx_word' id='word_1_14' title='bbox 46 490 148 532; x_wconf 91' lang='lat' dir='ltr'>vina</span> <span class='ocrx_word' id='word_1_15' title='bbox 180 490 495 530; x_wconf 85' lang='lat' dir='ltr'>celebrantur“.</span> 
     </span>
    </p>
   </div>
   <div class='ocr_carea' id='block_1_3' title="bbox 44 567 1847 696">
    <p class='ocr_par' dir='ltr' id='par_1_3' title="bbox 44 567 1847 696">
     <span class='ocr_line' id='line_1_4' title="bbox 181 567 1846 614; baseline 0.001 -12"><span class='ocrx_word' id='word_1_16' title='bbox 181 567 462 602; x_wconf 74' lang='lat' dir='ltr'>Authenticum</span> <span class='ocrx_word' id='word_1_17' title='bbox 487 568 657 602; x_wconf 82' lang='lat' dir='ltr'>Archivo</span> <span class='ocrx_word' id='word_1_18' title='bbox 684 568 719 602; x_wconf 83' lang='lat' dir='ltr'>S.</span> <span class='ocrx_word' id='word_1_19' title='bbox 747 568 886 614; x_wconf 84' lang='lat' dir='ltr'>Congr.</span> <span class='ocrx_word' id='word_1_20' title='bbox 914 567 1074 603; x_wconf 86' lang='lat' dir='ltr'>Concilii</span> <span class='ocrx_word' id='word_1_21' title='bbox 1099 568 1139 601; x_wconf 89' lang='lat' dir='ltr'>in</span> <span class='ocrx_word' id='word_1_22' title='bbox 1172 567 1379 603; x_wconf 83' lang='lat' dir='ltr'>Tabulario</span> <span class='ocrx_word' id='word_1_23' title='bbox 1406 567 1619 611; x_wconf 75' lang='lat' dir='ltr'>Vaticano;</span> <span class='ocrx_word' id='word_1_24' title='bbox 1641 567 1758 613; x_wconf 80' lang='lat' dir='ltr'>juxta</span> <span class='ocrx_word' id='word_1_25' title='bbox 1784 581 1846 603; x_wconf 80' lang='lat' dir='ltr'>ex-</span> 
     </span>
     <span class='ocr_line' id='line_1_5' title="bbox 44 613 1847 661; baseline 0.001 -12"><span class='ocrx_word' id='word_1_26' title='bbox 44 618 218 660; x_wconf 76' lang='lat' dir='ltr'>cerptum</span> <span class='ocrx_word' id='word_1_27' title='bbox 257 614 527 649; x_wconf 87' lang='lat' dir='ltr'>Crnincianum</span> <span class='ocrx_word' id='word_1_28' title='bbox 559 615 648 648; x_wconf 83' lang='lat' dir='ltr'>anni</span> <span class='ocrx_word' id='word_1_29' title='bbox 677 615 785 656; x_wconf 73' lang='lat'>1892;</span> <span class='ocrx_word' id='word_1_30' title='bbox 824 614 889 648; x_wconf 88' lang='lat' dir='ltr'>ubi</span> <span class='ocrx_word' id='word_1_31' title='bbox 915 614 1236 650; x_wconf 74' lang='lat' dir='ltr'>animadvertitur</span> <span class='ocrx_word' id='word_1_32' title='bbox 1262 613 1397 648; x_wconf 86' lang='lat' dir='ltr'>eadem</span> <span class='ocrx_word' id='word_1_33' title='bbox 1424 614 1471 648; x_wconf 86' lang='lat' dir='ltr'>ab</span> <span class='ocrx_word' id='word_1_34' title='bbox 1498 614 1634 648; x_wconf 87' lang='lat' dir='ltr'>eodem</span> <span class='ocrx_word' id='word_1_35' title='bbox 1661 615 1847 661; x_wconf 77' lang='lat' dir='ltr'>episcopo</span> 
     </span>
     <span class='ocr_line' id='line_1_6' title="bbox 46 660 536 696; baseline -0.004 0"><span class='ocrx_word' id='word_1_36' title='bbox 46 673 147 696; x_wconf 88' lang='lat' dir='ltr'>anno</span> <span class='ocrx_word' id='word_1_37' title='bbox 175 661 265 695; x_wconf 81' lang='lat'>1699</span> <span class='ocrx_word' id='word_1_38' title='bbox 290 660 414 695; x_wconf 86' lang='lat' dir='ltr'>relata</span> <span class='ocrx_word' id='word_1_39' title='bbox 440 672 536 695; x_wconf 87' lang='lat' dir='ltr'>esse.</span> 
     </span>
    </p>
   </div>
   <div class='ocr_carea' id='block_1_4' title="bbox 697 743 1200 794">
    <p class='ocr_par' dir='ltr' id='par_1_4' title="bbox 697 743 1200 794">
     <span class='ocr_line' id='line_1_7' title="bbox 697 743 1200 794; baseline -0.004 -8"><span class='ocrx_word' id='word_1_40' title='bbox 697 746 801 786; x_wconf 76' lang='lat'><em>204.</em></span> <span class='ocrx_word' id='word_1_41' title='bbox 830 746 957 794; x_wconf 85' lang='lat'><strong><em>1675,</em></strong></span> <span class='ocrx_word' id='word_1_42' title='bbox 990 743 1200 786; x_wconf 73' lang='lat' dir='ltr'>Parentii.</span> 
     </span>
    </p>
   </div>
   <div class='ocr_carea' id='block_1_5' title="bbox 41 824 1848 1157">
    <p class='ocr_par' dir='ltr' id='par_1_5' title="bbox 41 824 1848 1157">
     <span class='ocr_line' id='line_1_8' title="bbox 185 824 1841 880; baseline 0.001 -14"><span class='ocrx_word' id='word_1_43' title='bbox 185 824 236 866; x_wconf 91' lang='lat' dir='ltr'>In</span> <span class='ocrx_word' id='word_1_44' title='bbox 260 824 437 880; x_wconf 85' lang='lat' dir='ltr'>Synodo</span> <span class='ocrx_word' id='word_1_45' title='bbox 471 825 735 867; x_wconf 87' lang='lat' dir='ltr'>dioecesana</span> <span class='ocrx_word' id='word_1_46' title='bbox 766 825 1002 867; x_wconf 88' lang='lat' dir='ltr'>Parentina</span> <span class='ocrx_word' id='word_1_47' title='bbox 1042 828 1242 878; x_wconf 87' lang='lat' dir='ltr'>tempore</span> <span class='ocrx_word' id='word_1_48' title='bbox 1282 824 1476 867; x_wconf 88' lang='lat' dir='ltr'>Adelasii</span> <span class='ocrx_word' id='word_1_49' title='bbox 1527 825 1720 879; x_wconf 77' lang='lat' dir='ltr'>episcopi</span> <span class='ocrx_word' id='word_1_50' title='bbox 1754 826 1841 868; x_wconf 91' lang='lat' dir='ltr'>duo</span> 
     </span>
     <span class='ocr_line' id='line_1_9' title="bbox 50 894 1848 948; baseline 0 -11"><span class='ocrx_word' id='word_1_51' title='bbox 50 895 370 937; x_wconf 76' lang='lat' dir='ltr'>examinatores</span> <span class='ocrx_word' id='word_1_52' title='bbox 400 896 806 948; x_wconf 83' lang='lat' dir='ltr'>promovendorum</span> <span class='ocrx_word' id='word_1_53' title='bbox 849 895 905 937; x_wconf 89' lang='lat' dir='ltr'>ad</span> <span class='ocrx_word' id='word_1_54' title='bbox 947 895 1162 936; x_wconf 87' lang='lat' dir='ltr'>beneficia</span> <span class='ocrx_word' id='word_1_55' title='bbox 1199 894 1471 948; x_wconf 78' lang='lat' dir='ltr'>parochialia</span> <span class='ocrx_word' id='word_1_56' title='bbox 1501 908 1582 948; x_wconf 88' lang='lat' dir='ltr'>pro</span> <span class='ocrx_word' id='word_1_57' title='bbox 1614 895 1763 948; x_wconf 88' lang='lat' dir='ltr'>lingua</span> <span class='ocrx_word' id='word_1_58' title='bbox 1794 896 1848 937; x_wconf 94' lang='lat' dir='ltr'>il-</span> 
     </span>
     <span class='ocr_line' id='line_1_10' title="bbox 45 964 1843 1019; baseline 0.002 -14"><span class='ocrx_word' id='word_1_59' title='bbox 45 965 140 1019; x_wconf 88' lang='lat' dir='ltr'>lyca</span> <span class='ocrx_word' id='word_1_60' title='bbox 170 965 477 1014; x_wconf 83' lang='lat' dir='ltr'>nominantur3</span> <span class='ocrx_word' id='word_1_61' title='bbox 511 979 562 1007; x_wconf 88' lang='lat' dir='ltr'>ac</span> <span class='ocrx_word' id='word_1_62' title='bbox 604 965 852 1007; x_wconf 81' lang='lat' dir='ltr'>observatio</span> <span class='ocrx_word' id='word_1_63' title='bbox 900 965 1194 1006; x_wconf 80' lang='lat' dir='ltr'>Rubricarum</span> <span class='ocrx_word' id='word_1_64' title='bbox 1242 964 1429 1006; x_wconf 88' lang='lat' dir='ltr'>Missalis</span> <span class='ocrx_word' id='word_1_65' title='bbox 1462 965 1653 1007; x_wconf 84' lang='lat' dir='ltr'>Romani</span> <span class='ocrx_word' id='word_1_66' title='bbox 1685 979 1734 1009; x_wconf 88' lang='lat' dir='ltr'>ac</span> <span class='ocrx_word' id='word_1_67' title='bbox 1766 968 1843 1008; x_wconf 85' lang='lat' dir='ltr'>Ri-</span> 
     </span>
     <span class='ocr_line' id='line_1_11' title="bbox 43 1034 1842 1090; baseline 0.002 -15"><span class='ocrx_word' id='word_1_68' title='bbox 43 1035 172 1077; x_wconf 85' lang='lat' dir='ltr'>tualis</span> <span class='ocrx_word' id='word_1_69' title='bbox 220 1035 487 1076; x_wconf 78' lang='lat' dir='ltr'>inculcatur:</span> <span class='ocrx_word' id='word_1_70' title='bbox 541 1035 605 1085; x_wconf 87' lang='lat' dir='ltr'>„ai</span> <span class='ocrx_word' id='word_1_71' title='bbox 652 1035 721 1076; x_wconf 91' lang='lat' dir='ltr'>riti</span> <span class='ocrx_word' id='word_1_72' title='bbox 770 1035 995 1076; x_wconf 86' lang='lat' dir='ltr'>contenuti</span> <span class='ocrx_word' id='word_1_73' title='bbox 1043 1035 1111 1076; x_wconf 89' lang='lat' dir='ltr'>nel</span> <span class='ocrx_word' id='word_1_74' title='bbox 1159 1034 1333 1077; x_wconf 84' lang='lat' dir='ltr'>Rituale</span> <span class='ocrx_word' id='word_1_75' title='bbox 1379 1035 1598 1087; x_wconf 79' lang='lat' dir='ltr'>Romano,</span> <span class='ocrx_word' id='word_1_76' title='bbox 1641 1036 1681 1078; x_wconf 92' lang='lat' dir='ltr'>al</span> <span class='ocrx_word' id='word_1_77' title='bbox 1714 1038 1842 1090; x_wconf 89' lang='lat' dir='ltr'>quale</span> 
     </span>
     <span class='ocr_line' id='line_1_12' title="bbox 41 1104 1447 1157; baseline 0.001 -12"><span class='ocrx_word' id='word_1_78' title='bbox 41 1104 270 1147; x_wconf 90' lang='lat' dir='ltr'>dovranno</span> <span class='ocrx_word' id='word_1_79' title='bbox 302 1104 588 1146; x_wconf 86' lang='lat' dir='ltr'>conformarsi</span> <span class='ocrx_word' id='word_1_80' title='bbox 620 1117 731 1146; x_wconf 88' lang='lat' dir='ltr'>anco</span> <span class='ocrx_word' id='word_1_81' title='bbox 766 1104 896 1157; x_wconf 86' lang='lat' dir='ltr'>quelli</span> <span class='ocrx_word' id='word_1_82' title='bbox 929 1104 1042 1145; x_wconf 91' lang='lat' dir='ltr'>della</span> <span class='ocrx_word' id='word_1_83' title='bbox 1073 1104 1221 1157; x_wconf 88' lang='lat' dir='ltr'>lingua</span> <span class='ocrx_word' id='word_1_84' title='bbox 1255 1104 1447 1146; x_wconf 86' lang='lat' dir='ltr'>illirica“.</span> 
     </span>
    </p>
   </div>
   <div class='ocr_carea' id='block_1_6' title="bbox 42 1195 1843 1289">
    <p class='ocr_par' dir='ltr' id='par_1_6' title="bbox 42 1195 1843 1289">
     <span class='ocr_line' id='line_1_13' title="bbox 179 1195 1843 1242; baseline 0.002 -12"><span class='ocrx_word' id='word_1_85' title='bbox 179 1195 358 1242; x_wconf 83' lang='lat' dir='ltr'>Synodus</span> <span class='ocrx_word' id='word_1_86' title='bbox 383 1195 627 1230; x_wconf 83' lang='lat' dir='ltr'>Dioecesana</span> <span class='ocrx_word' id='word_1_87' title='bbox 651 1196 862 1230; x_wconf 78' lang='lat' dir='ltr'>Parentina</span> <span class='ocrx_word' id='word_1_88' title='bbox 887 1196 978 1230; x_wconf 88' lang='lat' dir='ltr'>anni</span> <span class='ocrx_word' id='word_1_89' title='bbox 1005 1196 1111 1239; x_wconf 78' lang='lat'>1675;</span> <span class='ocrx_word' id='word_1_90' title='bbox 1129 1208 1215 1242; x_wconf 85' lang='lat' dir='ltr'>pag.</span> <span class='ocrx_word' id='word_1_91' title='bbox 1245 1195 1288 1230; x_wconf 80' lang='lat'>13</span> <span class='ocrx_word' id='word_1_92' title='bbox 1307 1200 1346 1231; x_wconf 81' lang='lat' dir='ltr'>et</span> <span class='ocrx_word' id='word_1_93' title='bbox 1363 1197 1507 1242; x_wconf 79' lang='lat' dir='ltr'>passim</span> <span class='ocrx_word' id='word_1_94' title='bbox 1528 1208 1536 1241; x_wconf 82' lang='lat'>;</span> <span class='ocrx_word' id='word_1_95' title='bbox 1563 1195 1636 1232; x_wconf 88' lang='lat' dir='ltr'>Cfr.</span> <span class='ocrx_word' id='word_1_96' title='bbox 1665 1198 1843 1235; x_wconf 73' lang='lat' dir='ltr'>Pesante.</span> 
     </span>
     <span class='ocr_line' id='line_1_14' title="bbox 42 1242 697 1289; baseline 0 -13"><span class='ocrx_word' id='word_1_97' title='bbox 42 1242 99 1276; x_wconf 90' lang='lat' dir='ltr'>La</span> <span class='ocrx_word' id='word_1_98' title='bbox 123 1242 283 1289; x_wconf 77' lang='lat' dir='ltr'>liturgia</span> <span class='ocrx_word' id='word_1_99' title='bbox 309 1242 429 1285; x_wconf 79' lang='lat' dir='ltr'>slava‚</span> <span class='ocrx_word' id='word_1_100' title='bbox 455 1254 488 1287; x_wconf 90' lang='lat' dir='ltr'>p.</span> <span class='ocrx_word' id='word_1_101' title='bbox 517 1242 593 1284; x_wconf 71' lang='lat'>119,</span> <span class='ocrx_word' id='word_1_102' title='bbox 623 1242 697 1276; x_wconf 77' lang='lat'>121.</span> 
     </span>
    </p>
   </div>
   <div class='ocr_carea' id='block_1_7' title="bbox 693 1348 1207 1402">
    <p class='ocr_par' dir='ltr' id='par_1_7' title="bbox 693 1348 1207 1402">
     <span class='ocr_line' id='line_1_15' title="bbox 693 1348 1207 1402; baseline 0 -12"><span class='ocrx_word' id='word_1_103' title='bbox 693 1349 799 1390; x_wconf 79' lang='lat'><em>205.</em></span> <span class='ocrx_word' id='word_1_104' title='bbox 829 1350 957 1398; x_wconf 76' lang='lat'><em>1675,</em></span> <span class='ocrx_word' id='word_1_105' title='bbox 994 1348 1207 1402; x_wconf 72' lang='lat' dir='ltr'>Trayurii.</span> 
     </span>
    </p>
   </div>
   <div class='ocr_carea' id='block_1_8' title="bbox 43 1430 1845 1556">
    <p class='ocr_par' dir='ltr' id='par_1_8' title="bbox 43 1430 1845 1556">
     <span class='ocr_line' id='line_1_16' title="bbox 177 1430 1845 1485; baseline 0.002 -13"><span class='ocrx_word' id='word_1_106' title='bbox 177 1430 430 1472; x_wconf 85' lang='lat' dir='ltr'>Relationes</span> <span class='ocrx_word' id='word_1_107' title='bbox 481 1431 661 1473; x_wconf 86' lang='lat' dir='ltr'>Joannis</span> <span class='ocrx_word' id='word_1_108' title='bbox 707 1432 830 1473; x_wconf 87' lang='lat' dir='ltr'>Pauli</span> <span class='ocrx_word' id='word_1_109' title='bbox 872 1431 1061 1473; x_wconf 85' lang='lat' dir='ltr'>Garzoni</span> <span class='ocrx_word' id='word_1_110' title='bbox 1104 1431 1300 1485; x_wconf 82' lang='lat' dir='ltr'>episcopi</span> <span class='ocrx_word' id='word_1_111' title='bbox 1345 1431 1647 1484; x_wconf 84' lang='lat' dir='ltr'>Traguriensis</span> <span class='ocrx_word' id='word_1_112' title='bbox 1695 1434 1752 1475; x_wconf 89' lang='lat' dir='ltr'>ad</span> <span class='ocrx_word' id='word_1_113' title='bbox 1802 1434 1845 1477; x_wconf 89' lang='lat' dir='ltr'>S.</span> 
     </span>
     <span class='ocr_line' id='line_1_17' title="bbox 43 1499 1752 1556; baseline 0.002 -15"><span class='ocrx_word' id='word_1_114' title='bbox 43 1499 204 1541; x_wconf 88' lang='lat' dir='ltr'>Sedem</span> <span class='ocrx_word' id='word_1_115' title='bbox 237 1500 291 1542; x_wconf 89' lang='lat' dir='ltr'>de</span> <span class='ocrx_word' id='word_1_116' title='bbox 323 1503 438 1542; x_wconf 90' lang='lat' dir='ltr'>statu</span> <span class='ocrx_word' id='word_1_117' title='bbox 472 1501 726 1542; x_wconf 85' lang='lat' dir='ltr'>dioeceseos</span> <span class='ocrx_word' id='word_1_118' title='bbox 749 1514 800 1542; x_wconf 90' lang='lat' dir='ltr'>ac</span> <span class='ocrx_word' id='word_1_119' title='bbox 830 1501 885 1542; x_wconf 91' lang='lat' dir='ltr'>de</span> <span class='ocrx_word' id='word_1_120' title='bbox 916 1515 999 1542; x_wconf 93' lang='lat' dir='ltr'>usu</span> <span class='ocrx_word' id='word_1_121' title='bbox 1030 1501 1205 1554; x_wconf 81' lang='lat' dir='ltr'>linguae</span> <span class='ocrx_word' id='word_1_122' title='bbox 1237 1501 1423 1543; x_wconf 88' lang='lat' dir='ltr'>slavicae</span> <span class='ocrx_word' id='word_1_123' title='bbox 1455 1502 1499 1543; x_wconf 91' lang='lat' dir='ltr'>in</span> <span class='ocrx_word' id='word_1_124' title='bbox 1530 1501 1752 1556; x_wconf 78' lang='lat' dir='ltr'>liturgicis.</span> 
     </span>
    </p>
   </div>
   <div class='ocr_carea' id='block_1_9' title="bbox 36 1579 1846 2444">
    <p class='ocr_par' dir='ltr' id='par_1_9' title="bbox 40 1579 1846 2042">
     <span class='ocr_line' id='line_1_18' title="bbox 182 1579 1842 1635; baseline 0.002 -13"><span class='ocrx_word' id='word_1_125' title='bbox 182 1579 255 1631; x_wconf 88' lang='lat' dir='ltr'>„In</span> <span class='ocrx_word' id='word_1_126' title='bbox 277 1584 371 1624; x_wconf 88' lang='lat' dir='ltr'>tota</span> <span class='ocrx_word' id='word_1_127' title='bbox 395 1582 587 1623; x_wconf 90' lang='lat' dir='ltr'>dioecesi</span> <span class='ocrx_word' id='word_1_128' title='bbox 619 1585 719 1623; x_wconf 88' lang='lat' dir='ltr'>sunt</span> <span class='ocrx_word' id='word_1_129' title='bbox 741 1583 987 1635; x_wconf 86' lang='lat' dir='ltr'>paroeciae,</span> <span class='ocrx_word' id='word_1_130' title='bbox 1011 1583 1101 1623; x_wconf 90' lang='lat' dir='ltr'>sive</span> <span class='ocrx_word' id='word_1_131' title='bbox 1124 1595 1255 1624; x_wconf 89' lang='lat' dir='ltr'>curae</span> <span class='ocrx_word' id='word_1_132' title='bbox 1277 1583 1536 1624; x_wconf 85' lang='lat' dir='ltr'>animarum.</span> <span class='ocrx_word' id='word_1_133' title='bbox 1569 1582 1619 1625; x_wconf 89' lang='lat' dir='ltr'>In</span> <span class='ocrx_word' id='word_1_134' title='bbox 1653 1584 1842 1634; x_wconf 83' lang='lat' dir='ltr'>civitate,</span> 
     </span>
     <span class='ocr_line' id='line_1_19' title="bbox 41 1639 1844 1693; baseline 0.002 -14"><span class='ocrx_word' id='word_1_135' title='bbox 41 1640 82 1679; x_wconf 88' lang='lat' dir='ltr'>et</span> <span class='ocrx_word' id='word_1_136' title='bbox 113 1639 351 1680; x_wconf 79' lang='lat' dir='ltr'>cathedrali</span> <span class='ocrx_word' id='word_1_137' title='bbox 382 1640 524 1692; x_wconf 88' lang='lat' dir='ltr'>prima</span> <span class='ocrx_word' id='word_1_138' title='bbox 556 1643 619 1681; x_wconf 89' lang='lat' dir='ltr'>est</span> <span class='ocrx_word' id='word_1_139' title='bbox 651 1640 1042 1693; x_wconf 80' lang='lat' dir='ltr'>Archipresbyteri.</span> <span class='ocrx_word' id='word_1_140' title='bbox 1079 1640 1282 1682; x_wconf 88' lang='lat' dir='ltr'>Secunda</span> <span class='ocrx_word' id='word_1_141' title='bbox 1313 1640 1357 1681; x_wconf 89' lang='lat' dir='ltr'>in</span> <span class='ocrx_word' id='word_1_142' title='bbox 1390 1641 1489 1682; x_wconf 87' lang='lat' dir='ltr'>villa</span> <span class='ocrx_word' id='word_1_143' title='bbox 1521 1641 1578 1683; x_wconf 88' lang='lat' dir='ltr'>ad</span> <span class='ocrx_word' id='word_1_144' title='bbox 1610 1641 1844 1683; x_wconf 87' lang='lat' dir='ltr'>dimidium</span> 
     </span>
     <span class='ocr_line' id='line_1_20' title="bbox 41 1695 1846 1754; baseline 0.002 -17"><span class='ocrx_word' id='word_1_145' title='bbox 41 1695 247 1746; x_wconf 88' lang='lat' dir='ltr'>milliaris,</span> <span class='ocrx_word' id='word_1_146' title='bbox 281 1697 491 1750; x_wconf 87' lang='lat' dir='ltr'>Seghetto</span> <span class='ocrx_word' id='word_1_147' title='bbox 517 1696 690 1753; x_wconf 86' lang='lat' dir='ltr'>[Seget]</span> <span class='ocrx_word' id='word_1_148' title='bbox 712 1698 943 1750; x_wconf 86' lang='lat' dir='ltr'>appellata.</span> <span class='ocrx_word' id='word_1_149' title='bbox 968 1698 1117 1740; x_wconf 85' lang='lat' dir='ltr'>Tertia</span> <span class='ocrx_word' id='word_1_150' title='bbox 1151 1698 1422 1750; x_wconf 88' lang='lat' dir='ltr'>Bossiglinae</span> <span class='ocrx_word' id='word_1_151' title='bbox 1456 1697 1678 1754; x_wconf 90' lang='lat' dir='ltr'>[Marina]‚</span> <span class='ocrx_word' id='word_1_152' title='bbox 1703 1702 1846 1741; x_wconf 82' lang='lat' dir='ltr'>terrae</span> 
     </span>
     <span class='ocr_line' id='line_1_21' title="bbox 40 1755 1845 1812; baseline 0.003 -18"><span class='ocrx_word' id='word_1_153' title='bbox 40 1756 81 1795; x_wconf 90' lang='lat' dir='ltr'>et</span> <span class='ocrx_word' id='word_1_154' title='bbox 111 1755 221 1795; x_wconf 88' lang='lat' dir='ltr'>arcis</span> <span class='ocrx_word' id='word_1_155' title='bbox 254 1755 513 1808; x_wconf 87' lang='lat' dir='ltr'>episcopalis</span> <span class='ocrx_word' id='word_1_156' title='bbox 546 1755 869 1797; x_wconf 87' lang='lat' dir='ltr'>iurisdictionis.</span> <span class='ocrx_word' id='word_1_157' title='bbox 907 1755 1073 1806; x_wconf 87' lang='lat' dir='ltr'>Quarta</span> <span class='ocrx_word' id='word_1_158' title='bbox 1106 1756 1275 1809; x_wconf 87' lang='lat' dir='ltr'>scopuli</span> <span class='ocrx_word' id='word_1_159' title='bbox 1300 1756 1485 1797; x_wconf 85' lang='lat' dir='ltr'>Zironae</span> <span class='ocrx_word' id='word_1_160' title='bbox 1520 1755 1769 1812; x_wconf 88' lang='lat' dir='ltr'>[Drvenik].</span> <span class='ocrx_word' id='word_1_161' title='bbox 1795 1756 1845 1798; x_wconf 88' lang='lat' dir='ltr'>In</span> 
     </span>
     <span class='ocr_line' id='line_1_22' title="bbox 42 1811 1843 1870; baseline 0.002 -18"><span class='ocrx_word' id='word_1_162' title='bbox 42 1811 183 1853; x_wconf 84' lang='lat' dir='ltr'>insula</span> <span class='ocrx_word' id='word_1_163' title='bbox 215 1812 341 1863; x_wconf 76' lang='lat' dir='ltr'>duae,</span> <span class='ocrx_word' id='word_1_164' title='bbox 373 1813 575 1854; x_wconf 88' lang='lat' dir='ltr'>videlicet</span> <span class='ocrx_word' id='word_1_165' title='bbox 614 1813 815 1854; x_wconf 89' lang='lat' dir='ltr'>villarum</span> <span class='ocrx_word' id='word_1_166' title='bbox 861 1813 1016 1854; x_wconf 87' lang='lat' dir='ltr'>Xedno</span> <span class='ocrx_word' id='word_1_167' title='bbox 1061 1813 1254 1868; x_wconf 89' lang='lat' dir='ltr'>[Zedno]</span> <span class='ocrx_word' id='word_1_168' title='bbox 1299 1817 1341 1854; x_wconf 88' lang='lat' dir='ltr'>et</span> <span class='ocrx_word' id='word_1_169' title='bbox 1385 1812 1587 1855; x_wconf 88' lang='lat' dir='ltr'>Ochruch</span> <span class='ocrx_word' id='word_1_170' title='bbox 1636 1814 1843 1870; x_wconf 90' lang='lat' dir='ltr'>[Okrug].</span> 
     </span>
     <span class='ocr_line' id='line_1_23' title="bbox 45 1869 1846 1927; baseline 0.002 -17"><span class='ocrx_word' id='word_1_171' title='bbox 45 1869 246 1919; x_wconf 82' lang='lat' dir='ltr'>Quatuor</span> <span class='ocrx_word' id='word_1_172' title='bbox 276 1871 455 1912; x_wconf 85' lang='lat' dir='ltr'>tandem</span> <span class='ocrx_word' id='word_1_173' title='bbox 489 1871 532 1912; x_wconf 90' lang='lat' dir='ltr'>in</span> <span class='ocrx_word' id='word_1_174' title='bbox 564 1871 738 1913; x_wconf 80' lang='lat' dir='ltr'>ruribus</span> <span class='ocrx_word' id='word_1_175' title='bbox 782 1874 1024 1913; x_wconf 86' lang='lat' dir='ltr'>castrorum</span> <span class='ocrx_word' id='word_1_176' title='bbox 1060 1872 1152 1926; x_wconf 84' lang='lat' dir='ltr'>jam</span> <span class='ocrx_word' id='word_1_177' title='bbox 1198 1872 1516 1925; x_wconf 87' lang='lat' dir='ltr'>descriptorum</span> <span class='ocrx_word' id='word_1_178' title='bbox 1568 1873 1723 1927; x_wconf 78' lang='lat' dir='ltr'>(idestz</span> <span class='ocrx_word' id='word_1_179' title='bbox 1749 1873 1846 1914; x_wconf 88' lang='lat' dir='ltr'>Vic-</span> 
     </span>
     <span class='ocr_line' id='line_1_24' title="bbox 42 1927 1844 1986; baseline 0.002 -18"><span class='ocrx_word' id='word_1_180' title='bbox 42 1927 203 1969; x_wconf 90' lang='lat' dir='ltr'>turium</span> <span class='ocrx_word' id='word_1_181' title='bbox 237 1927 450 1984; x_wconf 76' lang='lat' dir='ltr'>[Luksic]‚</span> <span class='ocrx_word' id='word_1_182' title='bbox 485 1928 688 1985; x_wconf 70' lang='lat' dir='ltr'>Qastrum</span> <span class='ocrx_word' id='word_1_183' title='bbox 720 1930 853 1970; x_wconf 87' lang='lat' dir='ltr'>Vetus</span> <span class='ocrx_word' id='word_1_184' title='bbox 897 1928 1065 1984; x_wconf 81' lang='lat' dir='ltr'>[Kastel</span> <span class='ocrx_word' id='word_1_185' title='bbox 1098 1928 1251 1984; x_wconf 83' lang='lat' dir='ltr'>Stari]‚</span> <span class='ocrx_word' id='word_1_186' title='bbox 1299 1929 1472 1971; x_wconf 88' lang='lat' dir='ltr'>Novum</span> <span class='ocrx_word' id='word_1_187' title='bbox 1506 1929 1674 1985; x_wconf 80' lang='lat' dir='ltr'>[Kastel</span> <span class='ocrx_word' id='word_1_188' title='bbox 1710 1930 1844 1986; x_wconf 87' lang='lat' dir='ltr'>Novi]</span> 
     </span>
     <span class='ocr_line' id='line_1_25' title="bbox 43 1985 869 2042; baseline 0.002 -16"><span class='ocrx_word' id='word_1_189' title='bbox 43 1988 85 2026; x_wconf 86' lang='lat' dir='ltr'>et</span> <span class='ocrx_word' id='word_1_190' title='bbox 117 1986 443 2039; x_wconf 88' lang='lat' dir='ltr'>Staphileorum</span> <span class='ocrx_word' id='word_1_191' title='bbox 478 1985 721 2042; x_wconf 85' lang='lat' dir='ltr'>[Stafilic&#39;]).</span> <span class='ocrx_word' id='word_1_192' title='bbox 752 2011 794 2016; x_wconf 93' lang='lat'>—-</span> <span class='ocrx_word' id='word_1_193' title='bbox 822 2011 869 2016; x_wconf 97' lang='lat'><strong>—</strong></span> 
     </span>
    </p>

    <p class='ocr_par' dir='ltr' id='par_1_10' title="bbox 36 2044 1844 2444">
     <span class='ocr_line' id='line_1_26' title="bbox 178 2044 1844 2097; baseline 0.002 -13"><span class='ocrx_word' id='word_1_194' title='bbox 178 2044 225 2084; x_wconf 90' lang='lat' dir='ltr'>In</span> <span class='ocrx_word' id='word_1_195' title='bbox 257 2045 461 2085; x_wconf 83' lang='lat' dir='ltr'>Adventu</span> <span class='ocrx_word' id='word_1_196' title='bbox 494 2045 672 2097; x_wconf 87' lang='lat' dir='ltr'>singulis</span> <span class='ocrx_word' id='word_1_197' title='bbox 714 2045 869 2086; x_wconf 87' lang='lat' dir='ltr'>diebus</span> <span class='ocrx_word' id='word_1_198' title='bbox 907 2044 1084 2095; x_wconf 85' lang='lat' dir='ltr'>festivis,</span> <span class='ocrx_word' id='word_1_199' title='bbox 1117 2047 1331 2095; x_wconf 82' lang='lat' dir='ltr'>materno,</span> <span class='ocrx_word' id='word_1_200' title='bbox 1374 2045 1458 2087; x_wconf 91' lang='lat' dir='ltr'>hoc</span> <span class='ocrx_word' id='word_1_201' title='bbox 1492 2048 1556 2087; x_wconf 86' lang='lat' dir='ltr'>est</span> <span class='ocrx_word' id='word_1_202' title='bbox 1588 2046 1718 2088; x_wconf 87' lang='lat' dir='ltr'>Slavo</span> <span class='ocrx_word' id='word_1_203' title='bbox 1753 2059 1844 2088; x_wconf 87' lang='lat' dir='ltr'>ser-</span> 
     </span>
     <span class='ocr_line' id='line_1_27' title="bbox 36 2101 1837 2157; baseline 0.002 -15"><span class='ocrx_word' id='word_1_204' title='bbox 36 2113 166 2142; x_wconf 92' lang='lat' dir='ltr'>mone</span> <span class='ocrx_word' id='word_1_205' title='bbox 197 2101 244 2142; x_wconf 83' lang='lat' dir='ltr'>fit</span> <span class='ocrx_word' id='word_1_206' title='bbox 276 2103 442 2150; x_wconf 79' lang='lat' dir='ltr'>concio,</span> <span class='ocrx_word' id='word_1_207' title='bbox 483 2103 851 2156; x_wconf 88' lang='lat' dir='ltr'>praedicatorque</span> <span class='ocrx_word' id='word_1_208' title='bbox 883 2103 938 2144; x_wconf 91' lang='lat' dir='ltr'>ab</span> <span class='ocrx_word' id='word_1_209' title='bbox 985 2103 1194 2156; x_wconf 88' lang='lat' dir='ltr'>episcopo</span> <span class='ocrx_word' id='word_1_210' title='bbox 1240 2103 1422 2155; x_wconf 77' lang='lat' dir='ltr'>eligitur,</span> <span class='ocrx_word' id='word_1_211' title='bbox 1469 2106 1510 2145; x_wconf 91' lang='lat' dir='ltr'>et</span> <span class='ocrx_word' id='word_1_212' title='bbox 1557 2117 1723 2145; x_wconf 88' lang='lat' dir='ltr'>merces</span> <span class='ocrx_word' id='word_1_213' title='bbox 1756 2117 1837 2157; x_wconf 90' lang='lat' dir='ltr'>pro</span> 
     </span>
     <span class='ocr_line' id='line_1_28' title="bbox 36 2158 1834 2212; baseline 0.002 -13"><span class='ocrx_word' id='word_1_214' title='bbox 36 2158 184 2200; x_wconf 88' lang='lat' dir='ltr'>labore</span> <span class='ocrx_word' id='word_1_215' title='bbox 216 2160 372 2201; x_wconf 80' lang='lat' dir='ltr'>satisfit</span> <span class='ocrx_word' id='word_1_216' title='bbox 403 2160 458 2201; x_wconf 90' lang='lat' dir='ltr'>ab</span> <span class='ocrx_word' id='word_1_217' title='bbox 492 2161 660 2202; x_wconf 88' lang='lat' dir='ltr'>eodem.</span> <span class='ocrx_word' id='word_1_218' title='bbox 705 2159 755 2201; x_wconf 87' lang='lat' dir='ltr'>In</span> <span class='ocrx_word' id='word_1_219' title='bbox 799 2160 1147 2212; x_wconf 86' lang='lat' dir='ltr'>Quadragesima</span> <span class='ocrx_word' id='word_1_220' title='bbox 1188 2173 1291 2201; x_wconf 90' lang='lat' dir='ltr'>vero</span> <span class='ocrx_word' id='word_1_221' title='bbox 1335 2161 1501 2202; x_wconf 86' lang='lat' dir='ltr'>cunctis</span> <span class='ocrx_word' id='word_1_222' title='bbox 1551 2161 1707 2203; x_wconf 88' lang='lat' dir='ltr'>diebus</span> <span class='ocrx_word' id='word_1_223' title='bbox 1738 2175 1834 2202; x_wconf 89' lang='lat' dir='ltr'>ver-</span> 
     </span>
     <span class='ocr_line' id='line_1_29' title="bbox 37 2216 1835 2272; baseline 0.002 -15"><span class='ocrx_word' id='word_1_224' title='bbox 37 2216 142 2257; x_wconf 86' lang='lat' dir='ltr'>bum</span> <span class='ocrx_word' id='word_1_225' title='bbox 175 2217 254 2258; x_wconf 90' lang='lat' dir='ltr'>Dei</span> <span class='ocrx_word' id='word_1_226' title='bbox 288 2218 585 2266; x_wconf 84' lang='lat' dir='ltr'>annuntiatur,</span> <span class='ocrx_word' id='word_1_227' title='bbox 609 2218 686 2259; x_wconf 90' lang='lat' dir='ltr'>sed</span> <span class='ocrx_word' id='word_1_228' title='bbox 709 2218 885 2260; x_wconf 90' lang='lat' dir='ltr'>alternis</span> <span class='ocrx_word' id='word_1_229' title='bbox 918 2218 1097 2264; x_wconf 84' lang='lat' dir='ltr'>vicibus,</span> <span class='ocrx_word' id='word_1_230' title='bbox 1130 2218 1277 2270; x_wconf 89' lang='lat' dir='ltr'>lingua</span> <span class='ocrx_word' id='word_1_231' title='bbox 1315 2218 1459 2260; x_wconf 91' lang='lat' dir='ltr'>italica</span> <span class='ocrx_word' id='word_1_232' title='bbox 1489 2232 1570 2272; x_wconf 91' lang='lat' dir='ltr'>pro</span> <span class='ocrx_word' id='word_1_233' title='bbox 1600 2220 1835 2272; x_wconf 78' lang='lat' dir='ltr'>Episcopo,</span> 
     </span>
     <span class='ocr_line' id='line_1_30' title="bbox 41 2274 1840 2331; baseline 0.002 -17"><span class='ocrx_word' id='word_1_234' title='bbox 41 2276 82 2314; x_wconf 89' lang='lat' dir='ltr'>et</span> <span class='ocrx_word' id='word_1_235' title='bbox 114 2274 298 2316; x_wconf 88' lang='lat' dir='ltr'>civitatis</span> <span class='ocrx_word' id='word_1_236' title='bbox 330 2275 593 2317; x_wconf 86' lang='lat' dir='ltr'>Rectoribus</span> <span class='ocrx_word' id='word_1_237' title='bbox 629 2275 814 2316; x_wconf 88' lang='lat' dir='ltr'>Venetis.</span> <span class='ocrx_word' id='word_1_238' title='bbox 845 2299 891 2305; x_wconf 85' lang='lat'>-—</span> <span class='ocrx_word' id='word_1_239' title='bbox 915 2274 1035 2317; x_wconf 90' lang='lat' dir='ltr'>Inter</span> <span class='ocrx_word' id='word_1_240' title='bbox 1063 2275 1296 2317; x_wconf 90' lang='lat' dir='ltr'>Missarum</span> <span class='ocrx_word' id='word_1_241' title='bbox 1320 2279 1466 2317; x_wconf 89' lang='lat' dir='ltr'>autem</span> <span class='ocrx_word' id='word_1_242' title='bbox 1499 2277 1716 2331; x_wconf 86' lang='lat' dir='ltr'>majorum</span> <span class='ocrx_word' id='word_1_243' title='bbox 1749 2278 1840 2318; x_wconf 87' lang='lat' dir='ltr'>sol-</span> 
     </span>
     <span class='ocr_line' id='line_1_31' title="bbox 38 2330 1839 2387; baseline 0.003 -16"><span class='ocrx_word' id='word_1_244' title='bbox 38 2330 197 2374; x_wconf 86' lang='lat' dir='ltr'>lemnia</span> <span class='ocrx_word' id='word_1_245' title='bbox 228 2333 271 2373; x_wconf 91' lang='lat' dir='ltr'>in</span> <span class='ocrx_word' id='word_1_246' title='bbox 304 2333 543 2374; x_wconf 86' lang='lat' dir='ltr'>cathedrali</span> <span class='ocrx_word' id='word_1_247' title='bbox 577 2336 618 2374; x_wconf 85' lang='lat' dir='ltr'>et</span> <span class='ocrx_word' id='word_1_248' title='bbox 651 2334 693 2374; x_wconf 91' lang='lat' dir='ltr'>in</span> <span class='ocrx_word' id='word_1_249' title='bbox 725 2333 953 2386; x_wconf 88' lang='lat' dir='ltr'>paroeciis,</span> <span class='ocrx_word' id='word_1_250' title='bbox 977 2334 1186 2375; x_wconf 89' lang='lat' dir='ltr'>lectiones</span> <span class='ocrx_word' id='word_1_251' title='bbox 1205 2333 1502 2386; x_wconf 85' lang='lat' dir='ltr'>epistolarum,</span> <span class='ocrx_word' id='word_1_252' title='bbox 1537 2338 1577 2376; x_wconf 87' lang='lat' dir='ltr'>et</span> <span class='ocrx_word' id='word_1_253' title='bbox 1610 2335 1839 2387; x_wconf 87' lang='lat' dir='ltr'>evangelia</span> 
     </span>
     <span class='ocr_line' id='line_1_32' title="bbox 42 2390 899 2444; baseline 0.001 -14"><span class='ocrx_word' id='word_1_254' title='bbox 42 2390 135 2430; x_wconf 88' lang='lat' dir='ltr'>toto</span> <span class='ocrx_word' id='word_1_255' title='bbox 168 2402 286 2431; x_wconf 90' lang='lat' dir='ltr'>anno</span> <span class='ocrx_word' id='word_1_256' title='bbox 320 2391 483 2443; x_wconf 82' lang='lat' dir='ltr'>Illyrice</span> <span class='ocrx_word' id='word_1_257' title='bbox 515 2391 899 2444; x_wconf 85' lang='lat' dir='ltr'>interpretantur“.</span> 
     </span>
    </p>
   </div>
   <div class='ocr_carea' id='block_1_10' title="bbox 172 2468 1060 2516">
    <p class='ocr_par' dir='ltr' id='par_1_11' title="bbox 172 2468 1060 2516">
     <span class='ocr_line' id='line_1_33' title="bbox 172 2468 1060 2516; baseline 0.002 -14"><span class='ocrx_word' id='word_1_258' title='bbox 172 2468 328 2511; x_wconf 76' lang='lat' dir='ltr'>Farlati,</span> <span class='ocrx_word' id='word_1_259' title='bbox 354 2469 552 2516; x_wconf 84' lang='lat' dir='ltr'>Illyricum</span> <span class='ocrx_word' id='word_1_260' title='bbox 579 2470 750 2512; x_wconf 75' lang='lat' dir='ltr'>Sacrum,</span> <span class='ocrx_word' id='word_1_261' title='bbox 777 2469 842 2513; x_wconf 79' lang='lat' dir='ltr'>IV,</span> <span class='ocrx_word' id='word_1_262' title='bbox 867 2469 1060 2504; x_wconf 81' lang='lat'>431—434.</span> 
     </span>
    </p>
   </div>
   <div class='ocr_carea' id='block_1_11' title="bbox 449 2575 1427 2629">
    <p class='ocr_par' dir='ltr' id='par_1_12' title="bbox 449 2575 1427 2629">
     <span class='ocr_line' id='line_1_34' title="bbox 449 2575 1427 2629; baseline 0.002 -13"><span class='ocrx_word' id='word_1_263' title='bbox 449 2578 554 2617; x_wconf 77' lang='lat'><em>206.</em></span> <span class='ocrx_word' id='word_1_264' title='bbox 587 2579 896 2627; x_wconf 84' lang='lat'><em>1669—1677‚</em></span> <span class='ocrx_word' id='word_1_265' title='bbox 932 2576 1140 2618; x_wconf 67' lang='lat' dir='ltr'>Ples&#39;ivz&#39;ea</span> <span class='ocrx_word' id='word_1_266' title='bbox 1171 2575 1427 2629; x_wconf 72' lang='lat' dir='ltr'>Zayrabien.</span> 
     </span>
    </p>
   </div>
   <div class='ocr_carea' id='block_1_12' title="bbox 40 2656 1839 2884">
    <p class='ocr_par' dir='ltr' id='par_1_13' title="bbox 41 2656 1836 2766">
     <span class='ocr_line' id='line_1_35' title="bbox 180 2656 1836 2711; baseline 0.002 -15"><span class='ocrx_word' id='word_1_267' title='bbox 180 2656 397 2706; x_wconf 87' lang='lat' dir='ltr'>„Ecclesia</span> <span class='ocrx_word' id='word_1_268' title='bbox 442 2670 474 2698; x_wconf 80' lang='lat' dir='ltr'>s,</span> <span class='ocrx_word' id='word_1_269' title='bbox 519 2657 692 2711; x_wconf 85' lang='lat' dir='ltr'>Georgii</span> <span class='ocrx_word' id='word_1_270' title='bbox 739 2671 872 2710; x_wconf 88' lang='lat' dir='ltr'>supra</span> <span class='ocrx_word' id='word_1_271' title='bbox 917 2657 1104 2699; x_wconf 88' lang='lat' dir='ltr'>Jaskam.</span> <span class='ocrx_word' id='word_1_272' title='bbox 1166 2657 1389 2700; x_wconf 88' lang='lat' dir='ltr'>Parochus</span> <span class='ocrx_word' id='word_1_273' title='bbox 1435 2658 1590 2700; x_wconf 87' lang='lat' dir='ltr'>Petrus</span> <span class='ocrx_word' id='word_1_274' title='bbox 1638 2657 1836 2706; x_wconf 78' lang='lat' dir='ltr'>Ivicevic‚</span> 
     </span>
     <span class='ocr_line' id='line_1_36' title="bbox 41 2714 462 2766; baseline 0.01 -14"><span class='ocrx_word' id='word_1_275' title='bbox 41 2724 182 2763; x_wconf 79' lang='lat' dir='ltr'>senex,</span> <span class='ocrx_word' id='word_1_276' title='bbox 218 2714 462 2766; x_wconf 85' lang='lat' dir='ltr'>glagolita“.</span> 
     </span>
    </p>

    <p class='ocr_par' dir='ltr' id='par_1_14' title="bbox 40 2791 1839 2884">
     <span class='ocr_line' id='line_1_37' title="bbox 174 2791 1839 2839; baseline 0.002 -14"><span class='ocrx_word' id='word_1_277' title='bbox 174 2791 245 2827; x_wconf 71' lang='grc' dir='ltr'>ΜΞ.</span> <span class='ocrx_word' id='word_1_278' title='bbox 272 2792 547 2827; x_wconf 77' lang='lat' dir='ltr'>Ecclesiastica</span> <span class='ocrx_word' id='word_1_279' title='bbox 573 2794 637 2836; x_wconf 67' lang='lat' dir='ltr'>IV,</span> <span class='ocrx_word' id='word_1_280' title='bbox 663 2794 693 2836; x_wconf 77' lang='lat' dir='ltr'>S,</span> <span class='ocrx_word' id='word_1_281' title='bbox 721 2795 804 2838; x_wconf 75' lang='lat'>170;</span> <span class='ocrx_word' id='word_1_282' title='bbox 840 2793 915 2829; x_wconf 85' lang='lat' dir='ltr'>Cfr.</span> <span class='ocrx_word' id='word_1_283' title='bbox 955 2794 1121 2836; x_wconf 52' lang='lat' dir='ltr'>&#39;Plutia-ic,</span> <span class='ocrx_word' id='word_1_284' title='bbox 1157 2795 1368 2829; x_wconf 84' lang='lat' dir='ltr'>Slavensko</span> <span class='ocrx_word' id='word_1_285' title='bbox 1395 2794 1619 2839; x_wconf 70' lang='lat' dir='ltr'>bogoslu&#39;Zje</span> <span class='ocrx_word' id='word_1_286' title='bbox 1646 2807 1669 2828; x_wconf 85' lang='lat' dir='ltr'>u</span> <span class='ocrx_word' id='word_1_287' title='bbox 1696 2795 1839 2829; x_wconf 78' lang='lat' dir='ltr'>Hrvat·</span> 
     </span>
     <span class='ocr_line' id='line_1_38' title="bbox 40 2835 597 2884; baseline 0.009 -14"><span class='ocrx_word' id='word_1_288' title='bbox 40 2835 385 2884; x_wconf 79' lang='lat' dir='ltr'>skoj‚·Zag1-abiae,</span> <span class='ocrx_word' id='word_1_289' title='bbox 414 2840 514 2881; x_wconf 78' lang='lat'>1904,</span> <span class='ocrx_word' id='word_1_290' title='bbox 542 2839 597 2875; x_wconf 77' lang='lat'>86.</span> 
     </span>
    </p>
   </div>
   <div class='ocr_carea' id='block_1_13' title="bbox 465 2933 1414 2987">
    <p class='ocr_par' dir='ltr' id='par_1_15' title="bbox 465 2933 1414 2987">
     <span class='ocr_line' id='line_1_39' title="bbox 465 2933 1414 2987; baseline 0 -13"><span class='ocrx_word' id='word_1_291' title='bbox 465 2934 570 2975; x_wconf 82' lang='lat'><strong><em>207.</em></strong></span> <span class='ocrx_word' id='word_1_292' title='bbox 603 2936 910 2985; x_wconf 83' lang='lat'><em>1669-1677‚</em></span> <span class='ocrx_word' id='word_1_293' title='bbox 952 2933 1129 2975; x_wconf 73' lang='lat' dir='ltr'>Vrhovci</span> <span class='ocrx_word' id='word_1_294' title='bbox 1161 2933 1414 2987; x_wconf 75' lang='lat' dir='ltr'>Zayrabien.</span> 
     </span>
    </p>
   </div>
   <div class='ocr_carea' id='block_1_14' title="bbox 49 3012 1837 3125">
    <p class='ocr_par' dir='ltr' id='par_1_16' title="bbox 49 3012 1837 3125">
     <span class='ocr_line' id='line_1_40' title="bbox 179 3012 1837 3067; baseline -0.001 -13"><span class='ocrx_word' id='word_1_295' title='bbox 179 3012 396 3063; x_wconf 86' lang='lat' dir='ltr'>„Ecclesia</span> <span class='ocrx_word' id='word_1_296' title='bbox 415 3014 456 3055; x_wconf 88' lang='lat' dir='ltr'>S.</span> <span class='ocrx_word' id='word_1_297' title='bbox 479 3013 663 3056; x_wconf 89' lang='lat' dir='ltr'>Cosmae</span> <span class='ocrx_word' id='word_1_298' title='bbox 679 3018 718 3056; x_wconf 89' lang='lat' dir='ltr'>et</span> <span class='ocrx_word' id='word_1_299' title='bbox 732 3015 932 3056; x_wconf 88' lang='lat' dir='ltr'>Damiani</span> <span class='ocrx_word' id='word_1_300' title='bbox 952 3015 994 3056; x_wconf 89' lang='lat' dir='ltr'>in</span> <span class='ocrx_word' id='word_1_301' title='bbox 1010 3014 1260 3056; x_wconf 84' lang='lat' dir='ltr'>Verhovczi.</span> <span class='ocrx_word' id='word_1_302' title='bbox 1282 3014 1466 3055; x_wconf 79' lang='lat' dir='ltr'>Mathias</span> <span class='ocrx_word' id='word_1_303' title='bbox 1479 3014 1733 3067; x_wconf 70' lang='lat' dir='ltr'>Rajkovich,</span> <span class='ocrx_word' id='word_1_304' title='bbox 1750 3014 1837 3063; x_wconf 77' lang='lat' dir='ltr'>gla-</span> 
     </span>
     <span class='ocr_line' id='line_1_41' title="bbox 49 3069 1837 3125; baseline -0.001 -15"><span class='ocrx_word' id='word_1_305' title='bbox 49 3069 193 3120; x_wconf 70' lang='lat' dir='ltr'>golila,</span> <span class='ocrx_word' id='word_1_306' title='bbox 206 3070 354 3112; x_wconf 88' lang='lat' dir='ltr'>vineas</span> <span class='ocrx_word' id='word_1_307' title='bbox 378 3071 431 3112; x_wconf 90' lang='lat' dir='ltr'>de</span> <span class='ocrx_word' id='word_1_308' title='bbox 444 3084 560 3112; x_wconf 88' lang='lat' dir='ltr'>novo</span> <span class='ocrx_word' id='word_1_309' title='bbox 584 3072 896 3125; x_wconf 87' lang='lat' dir='ltr'>implantavit.“</span> <span class='ocrx_word' id='word_1_310' title='bbox 924 3072 1061 3113; x_wconf 86' lang='lat' dir='ltr'>Adest</span> <span class='ocrx_word' id='word_1_311' title='bbox 1083 3072 1261 3124; x_wconf 80' lang='lat' dir='ltr'>Synodo</span> <span class='ocrx_word' id='word_1_312' title='bbox 1286 3072 1574 3112; x_wconf 86' lang='lat' dir='ltr'>dioecesanae</span> <span class='ocrx_word' id='word_1_313' title='bbox 1588 3071 1688 3110; x_wconf 73' lang='lat' dir='ltr'>anni</span> <span class='ocrx_word' id='word_1_314' title='bbox 1720 3070 1837 3110; x_wconf 70' lang='lat'>1669.</span> 
     </span>
    </p>
   </div>
   <div class='ocr_carea' id='block_1_15' title="bbox 0 3075 1839 3269">
    <p class='ocr_par' dir='ltr' id='par_1_17' title="bbox 0 3075 1839 3269">
     <span class='ocr_line' id='line_1_42' title="bbox 0 3075 1 3114; baseline 0 0"><span class='ocrx_word' id='word_1_315' title='bbox 0 3075 1 3114; x_wconf 79' lang='lat' dir='ltr'>l</span> 
     </span>
     <span class='ocr_line' id='line_1_43' title="bbox 0 3118 1839 3230; baseline -0.001 -48"><span class='ocrx_word' id='word_1_316' title='bbox 0 3118 2 3195; x_wconf 52' lang='lat' dir='ltr'>i</span> <span class='ocrx_word' id='word_1_317' title='bbox 45 3189 90 3226; x_wconf 64' lang='lat' dir='ltr'>sk</span> <span class='ocrx_word' id='word_1_318' title='bbox 121 3192 127 3198; x_wconf 36' lang='grc' dir='ltr'>ι</span> <span class='ocrx_word' id='word_1_319' title='bbox 164 3147 356 3229; x_wconf 50' lang='grc' dir='ltr'>ἔίείῖαὶξῇο</span> <span class='ocrx_word' id='word_1_320' title='bbox 383 3150 792 3230; x_wconf 53' lang='grc' dir='ltr'>οεῖξωΖεὲξι-αὒίθηείες</span> <span class='ocrx_word' id='word_1_321' title='bbox 829 3150 907 3186; x_wconf 83' lang='lat' dir='ltr'>Cfr.</span> <span class='ocrx_word' id='word_1_322' title='bbox 935 3150 1100 3195; x_wconf 75' lang='lat' dir='ltr'>Tkalcic‚</span> <span class='ocrx_word' id='word_1_323' title='bbox 1136 3150 1350 3185; x_wconf 82' lang='lat' dir='ltr'>Slavensko</span> <span class='ocrx_word' id='word_1_324' title='bbox 1386 3149 1610 3196; x_wconf 66' lang='lat' dir='ltr'>bogosluije</span> <span class='ocrx_word' id='word_1_325' title='bbox 1648 3160 1670 3181; x_wconf 90' lang='lat' dir='ltr'>u</span> <span class='ocrx_word' id='word_1_326' title='bbox 1697 3148 1839 3181; x_wconf 82' lang='lat' dir='ltr'>Hrvat—</span> 
     </span>
     <span class='ocr_line' id='line_1_44' title="bbox 0 3202 597 3269; baseline 0.007 -43"><span class='ocrx_word' id='word_1_327' title='bbox 0 3202 3 3269; x_wconf 53' lang='grc' dir='ltr'><strong>ὶ</strong></span> <span class='ocrx_word' id='word_1_328' title='bbox 92 3202 140 3238; x_wconf 73' lang='lat' dir='ltr'>oJ,</span> <span class='ocrx_word' id='word_1_329' title='bbox 201 3204 293 3240; x_wconf 78' lang='lat' dir='ltr'>agra</span> <span class='ocrx_word' id='word_1_330' title='bbox 322 3205 394 3239; x_wconf 76' lang='lat' dir='ltr'>iae,</span> <span class='ocrx_word' id='word_1_331' title='bbox 512 3222 520 3238; x_wconf 92' lang='lat'>‚</span> <span class='ocrx_word' id='word_1_332' title='bbox 593 3222 597 3229; x_wconf 92' lang='lat'>.</span> 
     </span>
    </p>
   </div>
   <div class='ocr_carea' id='block_1_16' title="bbox 5 3378 8 3434">
    <p class='ocr_par' dir='ltr' id='par_1_18' title="bbox 5 3378 8 3434">
     <span class='ocr_line' id='line_1_45' title="bbox 5 3378 8 3434; baseline 0 0"><span class='ocrx_word' id='word_1_333' title='bbox 5 3378 8 3434; x_wconf 78' lang='lat' dir='ltr'>l</span> 
     </span>
    </p>
   </div>
  </div>
 </body>
</html>
