2243 3444
399 196 444 227 20
1132 191 1322 225 Fontes
1350 189 1592 234 fiturgiae

401 338 593 389 capellae
628 337 669 378 S.
706 337 871 388 Quirini
906 338 944 375 in
977 336 1151 389 Jesenik
1185 337 1226 375 in
1260 335 1379 375 Istria
1412 347 1551 388 usque
1583 335 1638 374 ad
1673 336 1920 385 fenestram,
1953 337 2072 375 iuxta
2104 347 2235 388 quat.

405 409 561 449 eadem
596 409 817 460 inscriptio
852 420 976 447 muro
1010 408 1203 447 immissa
1237 413 1313 456 est,
1345 406 1545 446 absoluta
1576 413 1652 447 est.

544 488 781 534 Kukuljevic,
810 490 905 522 Acta
931 488 1105 527 croatica,
1134 487 1336 533 Zagrabiae
1364 488 1467 528 1869,
1495 490 1575 522 322.

971 645 1182 696 891527,
1218 643 1397 697 Boljunz'
1433 642 1665 696 Tergestin.

544 728 805 769 Aedificatio
838 729 978 768 altaris
1012 728 1225 769 ecclesiae
1271 726 1314 768 S.
1349 727 1514 779 Georgi
1564 728 1736 781 Boljuni
1785 727 2070 781 Tergestinae
2120 728 2230 768 diod

405 814 569 847 ceseos,
593 801 873 851 inscriptione
900 800 1146 852 glagolitica
1171 799 1316 839 eidem
1339 800 1458 839 altari
1474 800 1680 849 immissa,
1697 801 1935 840 memoriae
1949 787 2232 853 consignatus⁴⁴

546 871 664 912 1550.
698 871 806 924 Juna
839 871 923 910 dan
961 872 1023 911 13.
1057 871 1098 910 V
1130 878 1174 910 to
1208 883 1355 910 vreme
1405 858 1526 922 Zupa
1561 870 1662 924 Jure
1683 903 1690 911 .
1713 903 1747 911 ..
1782 870 1881 911 Mat,
1913 870 2118 911 Kanonik
2151 871 2204 911 Pr

402 944 468 995 jor
501 943 555 983 M.
589 945 657 982 ⁴{tu
690 942 886 994 Matjasic'
919 956 1007 994 pop
1043 942 1154 982 Vinc
1159 974 1334 982 .....
1365 942 1563 982 Ferlanic
1595 943 1754 994 plovan
1786 929 2024 995 Boljunski.

410 1071 421 1103 I
509 1074 528 1093 o
545 1023 588 1058 G.
616 1023 767 1062 Kobler,
797 1024 980 1057 Memorie
1007 1034 1075 1067 per
1102 1023 1134 1057 la
1154 1024 1269 1057 storia
1290 1023 1387 1057 della
1417 1023 1601 1058 liburnica
1628 1024 1718 1058 citta
1744 1023 1781 1058 di
1807 1023 1953 1065 Fiume,
1979 1023 2112 1057 Fiume
2139 1014 2205 1058 189

428 1099 434 1111 ,
463 1076 539 1105 19-.

1063 1205 1137 1244 90.
1170 1203 1275 1245 1150
1308 1205 1351 1241 c.,
1389 1190 1607 1233 Olomucz'z'.

544 1276 881 1316 Testimomium
915 1276 1087 1316 Ioannis
1120 1275 1339 1325 Dubravii,
1372 1275 1683 1317 Olomucensis
1703 1278 1838 1328 patria
1870 1289 1920 1316 ac
1956 1276 2153 1328 episcopi
2174 1287 2230 1319 t*

406 1349 526 1388 obitu
561 1355 603 1387 et
636 1348 868 1399 sepulchro
903 1346 944 1387 S.
979 1347 1193 1387 Methodii
1228 1347 1406 1388 Romae.

551 1430 722 1482 »Quum
757 1429 1053 1483 Svatoplukus
1083 1444 1161 1470 rex
1195 1432 1237 1470 in
1271 1431 1435 1470 clerum
1465 1432 1647 1471 saeviret
1679 1432 1974 1484 omnibusque
2006 1430 2192 1470 scelerib
2220 1445 2235 1464 ιι

407 1499 448 1530 et
479 1492 590 1530 vitiis
622 1491 759 1530 horno
792 1492 1090 1543 sanguinarius
1134 1490 1344 1543 flagraret,
1387 1491 1541 1530 beatus
1589 1490 1843 1531 Methodius
1875 1491 2019 1544 gregis
2051 1491 2116 1530 sui
2149 1491 2243 1542 p'ffl

407 1551 619 1590 ditionem
654 1551 764 1590 ferre
809 1562 897 1589 non
941 1551 1100 1597 valens,
1146 1550 1333 1589 Romam
1377 1551 1531 1589 iterum
1565 1550 1750 1600 redierit,
1793 1556 1924 1602 atque
1958 1549 2042 1589 illic
2075 1562 2134 1589 ex
2165 1549 2215 1601 h„

406 1611 504 1650 luce
537 1611 796 1662 migraverit,
829 1611 870 1648 in
904 1610 1088 1649 ecclesia
1123 1608 1164 1649 S.
1199 1608 1437 1650 Clementis
1470 1609 1679 1661 sepultus.

548 1668 760 1710 Obierunt
827 1676 931 1708 tunc
982 1669 1149 1709 Rornae
1210 1670 1342 1708 ambo
1410 1668 1628 1709 Moraviae
1697 1669 1918 1721 praesules
1969 1667 2154 1721 Cyrillus
2197 1650 2243 1723 {A

408 1728 668 1774 Methodius,
691 1729 890 1780 claraque
924 1731 964 1767 in
987 1730 1108 1768 obitu
1141 1736 1183 1768 et
1216 1736 1316 1779 post
1338 1741 1438 1768 eum
1471 1730 1708 1768 sanctitatis
1727 1728 1992 1768 addiderunt
2013 1729 2172 1767 miracu
2193 1756 2199 1776 ,
2216 1727 2243 1753 ³

550 1810 574 1843 Ι.
601 1809 813 1842 Dubravius
852 1810 888 1853 (†
925 1808 1042 1849 1553)
1073 1810 1238 1843 Historia
1276 1809 1489 1849 Bohemiae,
1525 1810 1568 1844 L.
1608 1810 1650 1849 ΙΙ,
1686 1812 1730 1843 28
1757 1809 1822 1844 cfr.
1848 1809 2038 1849 Bartolini,
2051 1788 2241 1865 Mem,³

408 1857 563 1890 storico-
551 1857 853 1901 -archeologiche
898 1856 958 1890 dei
1003 1858 1107 1891 Santi
1147 1857 1272 1892 Cirillo
1313 1867 1333 1890 e
1372 1857 1552 1897 Metodio,
1590 1857 1712 1891 Roma
1738 1856 2113 1898 1881,192;Brcic',
2152 1857 2198 1891 Di

408 1904 545 1943 sluzbe‚
573 1904 774 1949 Zagrabiae
801 1907 987 1943 1870,11.
2217 1915 2235 1921 ··

1004 2051 1067 2084 Ol·
1102 2050 1218 2090 [55],
1251 2036 1417 2090 Rakalj
1445 2036 1663 2077 Parentin.

549 2120 880 2161 Testamentum
897 2122 1186 2174 olographum
1210 2121 1388 2173 parochi
1404 2121 1673 2173 Rakaljensis
1696 2121 1948 2166 Parentinae
1988 2121 2192 2161 dioeces

409 2192 528 2243 quod
564 2194 602 2231 in
636 2193 810 2232 archivo
844 2193 1041 2232 eiusdem
1077 2193 1306 2244 parochiae
1340 2200 1592 2240 asservatur,
1632 2193 1953 2232 characteribus
1987 2193 2243 2246 ςίῑιξοῆῑῐιξ

412 2263 649 2303 conficitur.

553 2346 583 2378 A
611 2345 756 2385 Klodic',
784 2345 974 2379 Siavische
1002 2345 1169 2386 Sprache
1196 2346 1273 2379 und
1302 2346 1505 2379 Litteratur
1532 2346 1584 2390 (in
1604 2345 1765 2388 lstrien),
1787 2346 1823 2378 in
1838 2355 1954 2388 opere
1975 2343 2196 2379 Οεεῐειτείἒ

411 2391 499 2424 sche
528 2392 742 2426 Monarchie
770 2394 805 2425 in
833 2393 941 2427 &Vort
970 2393 1045 2426 und
1072 2393 1163 2432 Bild,
1192 2394 1255 2427 ssd.
1284 2393 1523 2432 Kiisterland,
1552 2397 1631 2427 242.
2178 2399 2180 2401 '
2221 2397 2241 2402 ’

965 2563 1037 2601 92.
1072 2561 1190 2603 1553,
1223 2549 1389 2589 Hutina
1422 2538 1678 2601 Zagrabz'en.

554 2643 784 2695 Presbyter
836 2645 1053 2697 Georgius
1099 2646 1310 2697 plebanus
1361 2647 1403 2684 in
1449 2645 1582 2685 Hutin
1628 2645 1927 2697 Zagrabiensis
1973 2639 2243 2691 dioeces

415 2715 627 2766 glagolita.
2219 2702 2243 2711 a*

555 2795 792 2840 Kukuljevic',
820 2798 914 2830 Acta
941 2797 1106 2832 croatica
1131 2798 1156 2838 I,
1183 2798 1385 2841 Zagrabiae
1412 2800 1513 2836 1863,
1542 2800 1620 2831 335.

962 2930 1034 2968 93.
1067 2929 1186 2970 1553,
1219 2916 1425 2958 Samobor
1458 2917 1710 2968 Zagrabz'en.

556 2999 784 3050 Presbyter
817 3000 1084 3047 Vincentius,
1127 3003 1375 3052 capellanus
1421 3004 1461 3040 in
1495 3000 1725 3048 Samobor,
1759 3001 1975 3054 giagolita,
2009 3008 2116 3040 testa
2172 3005 2181 3040 5
2219 3008 2223 3022 ¹

415 3078 506 3109 tum
541 3071 785 3124 glagolitice
819 3071 1005 3111 conficit.
