2191 3434
552 167 1079 211 Glagolito-romanae
1107 166 1194 199 XIV
1220 177 1248 200 s.
1798 168 1841 198 13

0 334 186 380 peracta,
218 326 416 366 eiusdem
450 338 686 366 comunem
721 337 847 365 usum
882 325 924 364 in
963 324 1173 377 Jadrcnsi,
1223 322 1468 375 Spalatensi
1521 334 1570 362 ac
1623 321 1841 374 Ragusina

0 399 234 451 provinciis
266 410 343 438 sua
374 404 514 437 aetate
545 398 764 450 vigentem
800 402 990 436 testatur,

149 480 299 521 »Tunc
332 493 445 532 papa
478 480 562 520 hoc
595 481 744 520 audito
796 479 1005 519 miraculo
1039 480 1078 517 in
1119 484 1379 530 perpetuum
1432 477 1578 517 statuit
1629 475 1751 528 quod
1802 476 1843 514 in

0 541 146 594 lingua
179 538 420 581 Slowanica
455 541 624 592 possint
657 541 788 579 misse
822 547 864 578 et
895 539 976 578 alia
1021 539 1164 577 divina
1210 536 1354 577 officia
1407 537 1624 576 celebrari.
1677 535 1731 576 Et
1781 536 1843 574 sic

0 612 77 652 per
109 599 510 652 archiepiscopatus
544 607 585 638 et
619 600 862 650 provincias
897 596 1215 649 Spalatensem,
1247 597 1563 649 Ragusiensem
1594 602 1636 634 et
1652 594 1845 648 Jadrien·

0 672 93 699 sem
128 657 176 699 et⁴
201 659 319 710 apud
353 671 510 698 omnes
543 657 842 711 suffraganeos
887 670 1040 697 eorum
1093 663 1136 696 et
1189 656 1350 696 multos
1401 656 1509 695 alios
1562 655 1844 706 episcopatus

0 726 86 759 tarn
121 731 198 771 per
233 718 427 769 presules
461 731 592 771 quam
627 731 703 769 per
736 717 989 757 sacerdotes
1025 717 1155 756 misse
1189 723 1230 756 et
1263 716 1342 755 alia
1376 715 1520 755 divina
1548 727 1687 767 usque
1710 713 1842 753 hodie

1 779 41 817 in
79 778 305 818 slavonico
339 777 613 817 celebrantur
633 809 640 817 .
664 809 670 815 .
694 793 725 816 .‹

143 859 287 893 Fontes
314 859 455 893 Rerum
482 858 768 892 Bohemicarurn
798 857 841 898 V,
871 860 923 891 16.

503 1041 574 1079 30.
608 1032 908 1080 1369-1400,
941 1025 1108 1079 Εοξουί
1141 1026 1322 1073 Jadren.

141 1125 311 1178 Rogovi
345 1126 385 1163 in
419 1124 612 1164 dioecesi
642 1123 849 1176 Jadrensi‚
883 1123 1049 1176 Regula
1082 1122 1259 1163 Ordinis
1293 1120 1335 1162 S.
1369 1121 1592 1161 Benedicti
1639 1133 1719 1172 pro
1763 1120 1838 1159 ab·

0 1197 115 1236 batia
149 1195 531 1236 Benedictinorum
568 1194 609 1235 S.
639 1195 815 1247 Joannis
859 1194 1163 1247 Belgradensis
1207 1194 1291 1233 alio
1335 1194 1513 1232 nomine
1548 1190 1624 1232 SS.
1656 1190 1844 1232 Cosmae

1 1275 43 1307 et
75 1267 273 1308 Damiani
307 1265 531 1307 Tkonensi
561 1266 780 1319 Jadrensis
813 1266 1088 1314 dioeceseos,
1122 1265 1443 1305 characteribus
1490 1263 1750 1316 glagoliticis
1803 1264 1844 1301 in

0 1339 191 1392 linguam
226 1339 458 1378 croaticam
494 1339 775 1387 convertitur;
809 1339 931 1377 cuius
965 1337 1113 1377 codex
1147 1337 1365 1389 originalis
1399 1335 1517 1387 apud
1552 1333 1841 1374 Academiam

0 1410 314 1463 Jugoslavicam
350 1409 686 1462 Zagrabiensem
720 1416 972 1449 asservatur.

143 1493 168 1525 Ι.
196 1491 424 1536 Kukuljevic
446 1490 745 1536 Jugoslavenska
771 1490 957 1535 knjiinica
983 1490 996 1523 1
1037 1488 1289 1534 Kukuljevic'a
1328 1488 1599 1532 Sakcinskoga‚
1641 1486 1843 1531 Zagrabiae

2 1541 103 1579 1867,
131 1542 187 1581 16,
214 1539 349 1584 Ljubic'
376 1538 561 1584 Ogledalo
589 1538 786 1583 knjiievnc
814 1538 974 1581 poviesti
998 1537 1308 1582 Jugoslavenske,
1338 1536 1457 1570 Ricka
1484 1538 1587 1576 1864,
1614 1534 1638 1575 I,
1667 1537 1747 1568 318.

420 1721 490 1759 31.
522 1707 638 1748 XIV
668 1721 700 1748 s.
734 1707 913 1756 ineunte,
945 1708 1015 1748 vel
1044 1706 1190 1753 medio,
1229 1706 1410 1754 Jadren.

143 1804 316 1845 Missale
351 1803 676 1856 Glagoliticum,
709 1805 831 1843 cuius
865 1804 1107 1856 fragmenta
1140 1811 1306 1855 partem
1354 1800 1614 1843 Communis
1661 1799 1844 1839 Sancto-

2 1888 95 1915 rum
129 1885 171 1915 et
202 1875 361 1915 Missae
395 1888 472 1927 pro
506 1875 736 1915 Defunctis
770 1888 850 1915 nec
884 1888 971 1915 non
1007 1884 1170 1926 partem
1210 1875 1329 1914 Ritus
1381 1873 1655 1924 Baptismatis
1707 1872 1844 1910 conti-

0 1948 158 1994 nentia,
191 1946 390 1998 profesor
422 1947 470 1987 R.
503 1947 663 1986 Pocina
693 1947 872 2000 Jaderae
899 1961 933 1986 a.
954 1947 1066 1987 1890
1082 1947 1250 1985 circiter
1269 1945 1503 1991 adinvenit,
1525 1943 1846 1983 characteribus

0 2019 203 2058 *croaticis
236 2019 565 2071 antiquioribus,
599 2020 896 2058 conscribitur.

139 2098 253 2144 Jagic,
280 2099 418 2133 Archiv
445 2099 502 2134 fiir
527 2100 616 2134 slav.
642 2099 849 2144 Philologie
878 2099 997 2133 XXII.
1025 2097 1160 2143 (1900),
1187 2101 1255 2133 525
1281 2109 1328 2132 ss.

668 2280 738 2319 32.
772 2267 844 2308 XI
856 2267 890 2307 V
917 2281 949 2308 5.
988 2267 1168 2316 Jadren.

143 2363 420 2403 Ducumenta
453 2363 582 2404 latine
617 2364 834 2415 descripta
879 2363 1037 2403 archivi
1067 2364 1268 2403 abbatiae
1308 2362 1384 2403 SS.
1438 2361 1626 2402 Cosmae
1664 2367 1705 2400 et
1756 2359 1839 2399 Da-

6 2435 132 2473 miani
167 2436 205 2474 in
241 2441 391 2474 monte
423 2434 650 2475 Tkonensi
683 2435 753 2476 Or.
788 2434 818 2476 S
865 2435 1086 2475 Benedicti
1136 2434 1354 2488 jadrensis
1405 2434 1676 2480 dioeceseos,
1728 2444 1844 2470 sum-

7 2506 147 2546 mariis
180 2506 440 2559 glagoliticis
473 2507 758 2559 explicantur.

145 2585 219 2620 Csr.
243 2586 344 2631 JeHc',
371 2587 509 2621 Archiv
536 2588 741 2631 Rogo=ske
769 2588 911 2632 opatiJ'e
940 2589 971 2621 in
1002 2586 1233 2630 cplcmcride
1273 2587 1445 2620 Viestnik
1484 2585 1561 2619 hrv.
1608 2584 1745 2618 arheol.
1791 2583 1843 2616 dr.

9 2631 38 2666 N
65 2632 100 2667 S.
128 2632 180 2667 111
208 2634 343 2679 (1898),
366 2638 408 2668 72
435 2646 482 2669 ss.

654 2803 722 2842 „30”-
758 2791 878 2831 XIV
903 2805 934 2831 s.
969 2790 1203 2844 Aquilejen.

148 2884 317 2925 Missale
351 2885 674 2938 Glagoliticum‚
726 2888 848 2927 cuius
901 2887 1140 2939 fragmenta
1191 2901 1247 2926 ex
1299 2886 1424 2925 theca
1466 2885 1603 2924 »Libri
1657 2883 1843 2934 Copula-

25 2967 175 2994 orum‹
212 2958 308 2995 anni
347 2957 456 2997 1677
492 2958 722 3008 parochiae
768 2957 809 2998 S.
861 2957 970 2997 Petri
1026 2960 1063 2996 in
1120 2959 1225 2997 urbe
1279 2957 1436 2996 Labaci
1490 2963 1683 2995 extracta
1735 2962 1845 2999 sunt,

11 3027 303 3066 “onscribitun

149 3107 189 3142 In
216 3108 378 3142 Archivo
405 3109 608 3152 parochiali
635 3109 670 3143 S.
699 3109 795 3143 Petri
826 3109 960 3144 Labaci
988 3110 1067 3143 sub.
1097 3109 1136 3143 N.
1167 3110 1226 3143 lll.
