2191 3434
584 220 1128 268 Glagolito-Romanae
1154 216 1244 254 XVI
1271 230 1298 253 s.
1804 221 1821 251 7

121 373 146 406 I.
173 369 314 411 Bereic',
341 369 424 405 Rad
445 369 586 415 Jugosl.
614 369 736 404 Akad.
762 369 850 404 LIX
881 366 1012 412 (1881).
1042 369 1120 402 164.
1147 367 1351 410 Exemplar
1378 367 1546 401 eiusdem
1576 367 1701 409 operis
1722 366 1823 409 apud

32 431 62 454 c.
89 420 134 454 V.
160 418 346 453 Premuda
371 418 514 451 Bescae
540 417 574 451 in
603 417 723 452 insula
749 416 926 462 Veglensi
955 421 1178 450 asservatur.

494 586 559 615 22.
590 586 715 627 1509,
748 586 889 614 mense
920 571 1087 623 Martii,
1120 572 1304 625 Segnae.

119 671 294 713 Missale
345 670 657 724 Glagoliticum
708 671 826 722 typis
877 677 919 710 et
969 670 1225 709 auctoritate
1277 667 1517 722 Segnensis
1569 669 1741 716 Vicarii,
1774 681 1824 708 ac

18 743 290 794 ¹rehidiaconi
323 741 517 783 Silvestri
550 741 747 782 Bedricic
781 743 1051 794 imprimitur.

121 825 148 859 Ι.
171 823 312 866 Βετὲίό,
338 815 499 860 Citanka
528 823 674 858 starosl.
704 823 842 868 Jezika,
882 823 976 868 Prag
1003 825 1105 862 1864,
1141 822 1214 856 XV
1254 827 1292 857 et
1329 826 1388 865 77;
1416 823 1498 858 Rad
1540 823 1680 869 Jugosl.
1707 822 1829 857 Akad.

33 873 69 908 X
96 871 231 918 (1881),
259 875 327 908 169
353 883 394 913 s„
421 874 502 907 175.

4 961 21 983 -l

20 997 21 1006 ἵ
362 1041 426 1081 23.
459 1042 581 1082 1509,
614 1028 1001 1070 Archidiaconatus
1041 1028 1154 1069 Gora
1186 1027 1442 1081 Zagrabien.

22 1170 23 1179 ἵ
123 1127 170 1167 In
191 1127 374 1180 registro
390 1126 660 1166 decimarum
676 1125 1055 1166 archidiaconatus
1089 1125 1207 1166 Gora
1241 1125 1542 1179 Zagrabiensis
1564 1125 1829 1166 dioeceseos

22 1182 214 1250 resbyter
245 1197 465 1252 Georgius
499 1197 748 1251 glagolitice
781 1198 1056 1238 subcribitur.
1086 1182 1090 1184 ⁷

125 1277 279 1314 Tkalcic
305 1273 347 1313 in'
367 1279 612 1322 ephemeride
638 1277 827 1314 Katolicki
853 1278 945 1313 List.
973 1281 1076 1319 1883,
1103 1278 1146 1313 N.
1176 1281 1231 1313 33.

387 1448 455 1491 24.
487 1449 606 1489 1510,
638 1447 692 1476 20
728 1435 953 1486 Jannarii,
984 1435 1212 1477 Lukorani
1247 1436 1429 1484 Jadren.

28 1587 29 1591 Ἰ
127 1534 413 1587 Inscriptione
457 1533 706 1587 glagolitica
746 1534 839 1574 basi
872 1534 998 1574 turris
1032 1535 1334 1586 campanariae
1367 1534 1596 1586 insculpta,
1640 1534 1835 1575 reaedifi-

0 1594 100 1656 ⁸{itio
132 1606 345 1647 ecclesiae
377 1605 482 1646 olim
516 1604 774 1657 parochialis
808 1603 886 1645 SS.
918 1604 1140 1646 Trinitatis
1174 1605 1407 1655 Lukorani,
1439 1618 1555 1646 nunc
1590 1620 1691 1646 vero
1733 1619 1836 1646 coe-

0 1666 2 1672 *
29 1678 234 1726 §eterialis‚
261 1677 481 1732 Jadrensis
514 1677 788 1726 dioeceseos,
822 1678 1060 1717 memoriae
1095 1677 1444 1718 commendatur.

130 1759 188 1794 Ex
213 1763 345 1794 nostro
371 1758 592 1804 apographo
619 1759 705 1793 anni
733 1761 834 1793 1904.

515 1926 579 1969 25.
615 1928 730 1969 1510,
754 1929 787 1968 3
818 1915 1074 1964 Decembris,
1117 1916 1309 1958 Venetz'is.

34 2053 35 2057 Ἰ
131 2001 350 2043 Antonius
373 2000 621 2043 Contareno
643 2002 884 2053 patriarcha
915 2000 1200 2041 Venetiarum
1223 2002 1279 2042 ad
1312 2002 1652 2054 appellationem
1688 2009 1838 2042 contra

20 2078 217 2122 ‚heretum
263 2074 615 2126 praedecessoris
661 2071 762 2127 (Cfr.
808 2073 858 2113 N.
896 2070 965 2125 11)
1025 2072 1376 2114 Confraternitati
1428 2072 1507 2114 SS.
1560 2073 1741 2127 Georgii
1795 2081 1838 2114 et

85 2145 242 2198 phonis
262 2145 460 2187 Nationis
481 2144 750 2186 Dalmaticae
772 2144 930 2199 longae
965 2152 1006 2185 et
1027 2146 1231 2198 antiquae
1265 2145 1574 2185 consuetudini
1596 2145 1839 2191 inhaerens,

37 2217 242 2265 cultatem
286 2224 545 2269 perpetuam
591 2218 768 2257 missam
815 2215 1306 2269 Glagolito-Romanam
1353 2218 1395 2256 in
1442 2216 1580 2257 domo
1621 2217 1840 2257 Prioratus

64 2278 194 2328 netici
226 2288 282 2328 de
314 2287 506 2340 Templo
541 2288 790 2328 celebrandi
823 2289 1052 2340 approbat.

135 2359 355 2400 Antonius
387 2358 636 2401 Contareno
671 2361 948 2400 miseratione
981 2359 1137 2400 Divina
1157 2359 1400 2400 Patriarcha
1422 2359 1718 2408 Venetiarum,
1740 2359 1841 2400 Dal-

43 2420 242 2473 atiaeque
261 2419 424 2460 Primas
446 2419 706 2460 Reverendo
727 2419 837 2459 Patri
859 2418 1054 2459 Domino
1076 2420 1206 2459 Priori
1242 2418 1390 2460 Sancti
1407 2419 1585 2473 Joannis
1606 2434 1630 2459 a
1651 2418 1842 2471 Templo

67 2481 277 2520 netiarum
311 2491 393 2519 nec
439 2492 527 2519 non
570 2479 697 2519 vobis
738 2479 973 2519 venerabili
1018 2480 1105 2519 viro
1148 2479 1343 2519 Domino
1384 2479 1577 2519 Plebano
1612 2479 1837 2519 Ecclesiae

42 2535 134 2579 'neti
154 2537 364 2579 Antonini
387 2539 679 2590 praesentium
711 2540 822 2578 scire
853 2537 1142 2587 notificamus,
1172 2539 1354 2591 qualiter
1374 2539 1429 2578 ad
1463 2539 1845 2591 supplicationem,

91 2599 336 2638 instantiam
381 2598 630 2645 Guardiani,
682 2604 724 2638 et
777 2598 1138 2638 confraternitatis
1184 2599 1346 2638 scoliae
1381 2604 1433 2638 *et
1478 2598 1840 2638 confraternitatis

0 2668 13 2674 ¹·
49 2665 249 2698 nctorum
294 2657 486 2711 Georgii,
531 2666 572 2698 et
617 2656 852 2709 Triphonis
897 2657 1095 2698 Nationis
1138 2657 1392 2706 Dalmatiae,
1434 2657 1709 2698 inhaerentes
1751 2657 1843 2697 Nos

26 2751 27 2754 ,
77 2728 157 2770 gae
191 2725 233 2757 et
264 2719 467 2770 antiquae
500 2717 806 2757 consuetudini
840 2717 984 2757 dictae
1018 2717 1399 2767 confraternitatis,
1432 2718 1651 2757 licentiam
1686 2729 1845 2756 conce-

46 2788 146 2822 ,mus
178 2783 221 2817 et
252 2789 330 2828 per
361 2784 586 2829 presentes
629 2776 930 2825 concedimus,
975 2785 1017 2817 et
1059 2778 1100 2816 in
1133 2784 1396 2829 perpetuum
1430 2776 1573 2817 dictae
1607 2776 1842 2816 confrater—

65 2837 121 2875 ati
153 2835 363 2888 possendi
396 2836 619 2877 cellebrari
653 2837 796 2876 facere
837 2837 878 2876 in
925 2836 1026 2876 loco
1071 2836 1234 2877 scoliae
1280 2836 1423 2876 dictae
1468 2836 1843 2883 confraternitatis,

78 2895 281 2946 parochia
313 2897 443 2936 vestri
475 2895 653 2936 Domini
695 2896 871 2936 Plebani
915 2897 1155 2945 existentis,
1187 2897 1368 2950 singulis
1407 2895 1566 2936 diebus
1599 2895 1843 2935 Dominicis

50 2992 51 3001 ,
80 2953 241 2995 festivis
274 2967 404 2995 unam
438 2956 614 2996 missam
649 2968 823 3007 parvam
858 2963 931 2995 aut
964 2955 1119 2995 Latino
1152 2968 1357 2996 sermone
1389 2963 1462 2995 aut
1488 2955 1693 2995 Dalmato
1716 2961 1845 3006 prout

62 3019 130 3053 tea
161 3027 184 3053 a
218 3015 356 3054 multo
387 3021 588 3066 tempore
622 3014 766 3055 facere
787 3022 1120 3055 consueverunt.
1154 3013 1199 3056 Si
1235 3028 1292 3054 ex
1313 3015 1398 3054 hoc
1432 3014 1670 3054 reverenda
1702 3013 1847 3053 Pater-

50 3085 115 3112 =as
167 3074 293 3113 vestri
337 3072 516 3114 Domini
562 3074 718 3114 Prioris
763 3076 852 3114 sive
896 3075 1025 3114 vestri
1070 3073 1249 3115 Domini
1295 3074 1470 3126 plebani
1513 3075 1732 3114 senseritis
1767 3085 1843 3112 vos

51 3139 217 3182 ³avatos,
267 3145 412 3173 coram
464 3133 603 3174 Nobis
655 3146 910 3186 comparere
961 3133 1172 3182 debeatis,
1223 3135 1353 3173 citato
1388 3133 1506 3173 dicto
1559 3131 1845 3173 Gastaldione
