2191 3434
657 258 1257 302 Glagolito-Romanae
1283 261 1376 296 XIX.
1404 272 1433 296 s.
1795 265 1859 299 167

275 404 451 453 Insuper
483 407 630 443 notum
667 409 728 444 est
762 403 884 444 illud:
925 404 990 454 „Si
1027 406 1121 455 quis
1156 406 1303 445 dixerit
1348 412 1545 456 receptos
1580 413 1617 449 et
1651 410 1910 458 approbatos

133 463 346 503 Ecclesiae
389 464 623 503 catholicae
664 465 778 505 Ritus
824 465 863 503 in
907 462 1088 503 solemni
1137 464 1504 505 Sacramentorum
1554 469 1910 508 administratione

132 523 325 563 adhiberi
359 526 604 571 consuetos,
640 528 708 562 aut
741 525 956 563 contemni
990 527 1058 563 aut
1091 525 1180 563 sine
1215 529 1391 574 peccato
1426 538 1445 564 a
1480 527 1675 567 ministris
1701 529 1910 577 prohibite

133 583 264 623 omitti
321 586 389 621 aut
432 583 471 622 in
519 594 657 622 novos
706 582 812 623 alios
861 595 937 633 per
997 595 1316 634 quemcumque
1376 583 1651 626 ecclesiarum
1699 590 1910 636 pastorem

133 643 280 682 mutari
305 654 450 692 posse,
476 643 696 682 anathema
721 644 810 683 sit.“
849 642 978 691 (Trid.
1005 642 1118 683 Sess.
1138 643 1216 682 Vll.
1243 655 1334 693 cap.
1362 645 1424 684 13.
1451 645 1503 683 de
1528 645 1709 685 Sacram.
1736 647 1910 695 ingen).

131 703 176 741 Et
208 702 292 742 huc
326 702 433 741 redit
467 702 709 741 mandatum
745 700 888 742 Bullae
923 703 981 741 Pii
1004 703 1053 742 V.
1095 703 1224 752 „Quo
1260 705 1422 753 primo“
1468 706 1530 744 14.
1555 704 1649 756 Julii
1678 706 1799 753 1570,
1830 718 1911 755 qua

131 762 302 801 Missale
336 773 560 801 romanum
597 760 858 812 publicatum
894 765 966 802 est.
1017 763 1336 811 „Mandantes“,
1383 764 1437 802 ait
1484 777 1557 811 „ac
1592 765 1774 804 districte
1822 776 1911 803 om-

130 822 257 861 nibus
302 823 341 861 in
384 822 532 861 virtute
579 825 747 860 sanctae
799 821 1070 861 obedientiae
1120 823 1449 872 praecipientes,
1498 828 1539 863 ut
1582 825 1755 864 Missam
1800 824 1910 874 juxta

129 882 266 930 ritum,
302 881 480 920 modum
528 893 576 920 ac
623 893 817 920 normam
863 893 972 931 quae
1018 893 1094 931 per
1129 880 1298 921 Missale
1344 883 1429 921 hoc
1463 895 1482 922 a
1518 884 1643 923 nobis
1689 896 1801 923 nunc
1835 891 1911 922 tra-

131 941 254 988 ditur,
302 941 607 980 decantent
649 953 708 980 ac
754 945 972 990 tegant,
1018 952 1158 990 neque
1207 942 1245 980 in
1281 943 1435 981 Missae
1481 941 1766 982 celebratione
1811 944 1910 982 alias

131 1001 423 1040 caeremonias
456 1004 541 1039 vel
577 1012 805 1050 preces,
841 1012 966 1050 quarn
1004 1012 1112 1050 quae
1138 1002 1222 1040 hoc
1246 1000 1404 1041 Missali
1439 1004 1717 1050 continentur,
1753 1003 1910 1042 addere

128 1058 216 1100 vel
252 1060 504 1100 recitare
539 1061 848 1110 praesumant.“

273 1120 349 1159 Ne
395 1121 518 1170 quis
563 1123 742 1158 autem
789 1119 849 1158 ad
897 1132 1054 1159 usum
1105 1120 1200 1159 diu
1252 1119 1536 1170 perlatum
1587 1133 1910 1171 provocare

129 1182 471 1230 praesumat,
521 1182 576 1218 ut
623 1177 905 1229 liturgiae
953 1180 1004 1218 in
1049 1180 1246 1229 lingua
1292 1179 1599 1220 vernacula
1647 1180 1910 1220 celebra-

128 1240 346 1279 tionem
381 1239 735 1278 cohonestet
781 1242 948 1289 atque
995 1239 1292 1279 defendat!
1358 1240 1584 1280 Abusus
1634 1244 1717 1280 est
1763 1241 1908 1280 enim

127 1299 263 1338 talis
297 1297 628 1338 celebratio
665 1311 825 1348 quem
850 1299 1207 1347 damnamus,
1234 1301 1448 1349 quique
1480 1300 1667 1339 abusus
1697 1301 1908 1339 omnino

128 1357 265 1398 tolli
301 1359 498 1407 debet,
534 1358 588 1397 de
623 1370 705 1408 qua
739 1371 782 1397 re
806 1359 1065 1398 conscientia
1090 1359 1383 1398 Parocborom
1409 1364 1573 1409 gravata
1600 1363 1748 1399 manet.
1785 1358 1908 1398 Sacra

133 1419 285 1458 etenim
322 1417 484 1468 Congr.
520 1418 687 1459 Rituum
722 1418 774 1457 ad
810 1419 1069 1468 quaesitum:
1121 1418 1208 1467 „An
1246 1431 1517 1469 quacumque
1553 1420 1773 1458 inveterata
1808 1430 1909 1457 con-

132 1478 357 1518 suetudine
392 1479 431 1517 in
467 1479 722 1517 contrarium
759 1478 958 1528 derogari
997 1479 1132 1528 possit
1167 1479 1249 1528 legi
1285 1491 1304 1517 a
1341 1479 1519 1518 decretis
1555 1478 1593 1517 S.
1620 1478 1667 1518 C.
1695 1478 1766 1519 Rit.
1791 1490 1910 1528 prae-

131 1538 350 1588 scriptae,“
389 1549 645 1588 responsum
683 1537 815 1577 dedit:
852 1538 1056 1587 Negative
1098 1539 1159 1578 13.
1186 1551 1282 1588 aug.
1314 1539 1435 1577 1839.

273 1599 490 1637 Praeterea
539 1598 650 1636 serlo
699 1597 1007 1647 perpendenda
1057 1602 1151 1637 sunt
1198 1598 1324 1637 verba
1371 1598 1443 1648 Pp.
1480 1598 1693 1637 Benedicti
1741 1597 1821 1636 Xlll
1870 1598 1906 1635 in

129 1657 264 1697 Conc.
302 1658 488 1697 Lateran.
524 1669 588 1696 an.
631 1658 751 1697 1725.
793 1657 928 1705 „Cum
966 1658 1185 1696 invisibilia
1218 1657 1296 1696 Dei
1331 1669 1407 1707 per
1436 1658 1655 1697 invisibilia
1690 1655 1909 1705 religionis

128 1729 176 1756 ac
209 1718 372 1768 pietatis
407 1718 526 1766 signa
562 1729 670 1766 quae
706 1718 1070 1756 caeremoniarum
1101 1718 1275 1756 nomine
1306 1721 1543 1758 censentur.
1579 1715 1783 1756 intellecta
1808 1728 1908 1754 con-

127 1775 369 1828 spiciantur,
406 1777 628 1827 pastoralts
664 1776 804 1815 Nostri
853 1777 1038 1815 muneris
1073 1789 1216 1816 curam
1268 1777 1318 1815 ad
1365 1777 1447 1816 hoc
1496 1776 1750 1816 intendimus
1786 1779 1823 1814 et
1856 1775 1907 1813 ab

129 1837 330 1876 omnibus
373 1836 462 1875 fieri
497 1834 696 1876 volumus
740 1842 777 1875 et
822 1836 1086 1883 mandamuS,
1138 1840 1178 1875 ut
1225 1838 1263 1875 in
1311 1835 1678 1875 Sacramentorum
1714 1833 1908 1874 videlicet

129 1896 505 1943 administratione,
541 1897 579 1935 in
615 1896 756 1935 Missis
792 1900 829 1934 et
864 1895 1013 1935 officiis
1059 1896 1208 1934 divinis
1254 1894 1520 1934 celebrandis
1561 1896 1737 1944 aliisque
1773 1892 1907 1933 eccle-

130 1956 306 1995 siasticis
339 1956 629 1995 functionibus
677 1956 891 1995 obeundis
925 1967 1011 1994 non
1048 1968 1125 2005 pro
1162 1954 1278 1994 libitu
1315 1956 1466 1994 inventi
1503 1960 1540 1994 et
1574 1954 1908 1993 irrationabiliter

129 2015 302 2064 inducti,
337 2016 413 2055 sed
448 2016 605 2065 recepti
641 2020 678 2054 et
712 2015 934 2065 approbati
970 2016 1182 2054 Ecclesiae
1225 2015 1456 2054 catholicae
1493 2016 1605 2058 ritus,
1654 2015 1724 2063 qui
1759 2014 1798 2052 in
1834 2013 1907 2051 mi-

132 2075 255 2114 nimis
289 2076 410 2114 etiam
446 2076 536 2114 sine
571 2080 748 2126 peccato
784 2076 958 2125 negligi,
995 2076 1125 2114 omitti
1159 2076 1223 2113 vel
1261 2075 1406 2113 mutari
1441 2074 1554 2113 haud
1590 2076 1782 2123 possunt,
1818 2084 1905 2122 pe<

127 2132 337 2174 culiari
371 2134 549 2174 studii
585 2147 642 2174 ac
687 2133 999 2184 diligentia
1041 2138 1354 2173 serventur.
1396 2158 1435 2160 —
1482 2133 1779 2182 Quamobrem
1816 2132 1904 2181 epi-

128 2195 274 2244 scopis
308 2196 445 2234 stricte
469 2195 756 2245 praecipimus
779 2198 820 2232 ut
842 2195 1047 2233 contraria
1082 2195 1224 2232 omnia
1256 2206 1364 2243 quae
1388 2195 1425 2232 in
1451 2191 1642 2232 ecclesiis
1665 2204 1737 2231 seu
1763 2203 1907 2230 saecu-

128 2254 286 2293 laribus
333 2266 407 2294 seu
451 2254 721 2304 regularibus
765 2254 834 2300 (iis
869 2255 1074 2303 exceptis,
1123 2254 1193 2303 qui
1239 2254 1415 2303 proprio
1451 2253 1596 2293 Rituali
1641 2250 1703 2290 vel
1750 2248 1907 2289 Missali

128 2313 193 2353 vel
229 2313 440 2353 Breviario
486 2318 655 2353 utuntur
689 2326 709 2352 a
745 2313 783 2352 S.
811 2313 921 2353 Sede
957 2313 1172 2363 probato),
1218 2317 1361 2351 contra
1398 2312 1702 2362 praescriptum
1741 2309 1908 2348 Pontifi-

131 2371 232 2412 calis
282 2374 458 2415 Romani
509 2377 547 2412 et
597 2371 933 2412 Caeremonialis
983 2374 1295 2423 Episcoporum
1345 2372 1409 2411 vel
1460 2372 1662 2413 Rubricas
1712 2370 1906 2415 Missalis,

133 2433 326 2472 Breviarii
353 2437 390 2472 et
412 2431 582 2474 Ritualis
605 2433 825 2483 irrepsisse
851 2433 1149 2482 compererint,
1175 2432 1443 2471 detestabiles
1470 2435 1666 2480 tanquam
1691 2430 1831 2467 abus
1848 2441 1871 2466 u
1889 2440 1907 2466 s

134 2495 172 2531 et
215 2490 588 2542 corruptelas
639 2492 906 2542 prohibeant,
954 2496 992 2532 et
1040 2492 1217 2531 omnino
1266 2491 1459 2530 studeant
1493 2501 1725 2529 removere,
1763 2489 1907 2537 quavis

131 2563 217 2590 non
254 2551 446 2591 obstante
481 2552 730 2604 interposita
772 2550 1070 2602 appellatione.
1116 2550 1178 2590 vel
1224 2548 1549 2590 immemorabili
1597 2548 1771 2598 allegata
1806 2559 1907 2585 con-

128 2611 374 2650 suetudine:
411 2611 557 2660 Quum
585 2623 670 2650 non
695 2611 813 2661 quod
836 2611 891 2655 tit,
927 2611 1002 2650 sed
1027 2611 1145 2661 quod
1181 2611 1268 2649 fieri
1301 2610 1440 2650 (lebet.
1476 2611 1524 2647 sit
1553 2606 1906 2647 attendendum.3)

125 2726 389 2770 approbatum,
417 2729 456 2762 ut
485 2727 751 2769 demonstravi,
780 2738 800 2761 a
828 2727 995 2763 Romana
1024 2726 1058 2761 S.
1088 2725 1195 2767 Sede,
1225 2728 1443 2769 usurpatum
1483 2727 1537 2759 est
1565 2725 1599 2757 in
1629 2723 1802 2757 Ecclesiis
1832 2721 1909 2755 Sla—

55 2808 66 2812 ,
126 2775 217 2808 vicis
253 2784 378 2809 earum
406 2775 648 2809 Dioecesium
683 2785 749 2818 per
786 2774 971 2809 ducentos
1009 2777 1042 2808 et
1080 2774 1325 2818 quadraginta
1363 2775 1506 2815 septem
1545 2781 1683 2807 annos.
1725 2769 1906 2812 cujusque

126 2831 262 2856 novam
303 2822 506 2856 editionem
534 2823 712 2866 Episcopi
749 2822 957 2856 Dalmatiae
994 2824 1028 2855 et
1058 2821 1230 2855 Croatiae
1270 2820 1316 2854 ab
1354 2820 1483 2854 eadem
1514 2818 1547 2853 S.
1572 2818 1668 2852 Sede
1697 2816 1906 2859 implorant.

127 2868 186 2903 illa
222 2879 311 2903 vero
349 2868 472 2904 favere
509 2870 671 2904 videtur!
723 2869 866 2904 Etenim
896 2869 931 2904 S.
961 2869 1102 2909 Congr.
1131 2869 1177 2902 de
1214 2869 1324 2910 Prop.
1353 2867 1427 2901 fide
1465 2877 1562 2900 anno
1595 2866 1683 2898 1873
1721 2863 1779 2897 dic
1817 2872 1904 2895 vcro

130 2916 171 2950 13
206 2915 288 2959 Julii
324 2917 474 2958 dignata
509 2919 564 2952 est
604 2917 649 2951 ad
687 2927 746 2951 me
780 2916 942 2951 scribere
977 2917 1048 2950 boc
1086 2916 1219 2949 modo:
1266 2916 1320 2956 ..L‘
1346 2915 1587 2948 arcivescovo
1625 2912 1658 2944 di
1694 2911 1786 2944 Zara
1815 2914 1902 2943 etc.u

127 2963 208 3006 (cfr.
237 2964 282 2998 N.
310 2965 381 3006 79).

273 3026 300 3064 2³)
330 3022 456 3067 Quum
498 3023 589 3067 ipsis
631 3022 976 3058 Constitutionibus
1017 3023 1068 3056 Pii
1109 3032 1229 3065 papae
1256 3021 1286 3054 V
1315 3020 1394 3061 (cfr.
1415 3019 1552 3059 XX'ls„
1582 3018 1624 3051 N.
1656 3017 1731 3056 119,
1764 3014 1843 3066 123)
1871 3020 1905 3047 tt

130 3069 276 3105 Statuto
305 3070 511 3105 Tridentini
539 3069 618 3105 (cfr.
646 3070 724 3104 XVI
754 3081 794 3113 s.,
823 3071 867 3104 N.
901 3071 957 3103 111
985 3080 1019 3113 p.
1048 3069 1108 3106 26)
1137 3079 1156 3102 a
1184 3068 1448 3102 reformatione
1478 3065 1693 3099 Tridentina
1722 3064 1779 3115 ins
1805 3062 1904 3095 litur—

127 3117 250 3160 gicum
280 3117 500 3160 particulare
527 3118 655 3162 lllyrici
684 3117 941 3152 Occidentalis
969 3118 1192 3159 excoeptum
1231 3115 1372 3156 fuisset,
1410 3124 1504 3157 quae
1532 3112 1576 3146 ab
1607 3110 1806 3160 Ordinario
1837 3109 1903 3142 l'a-

128 3164 432 3200 sentim-polensi
461 3168 590 3200 contra
618 3166 673 3200 ius
702 3165 921 3208 particulare
951 3164 1074 3208 lllyrici
1107 3162 1362 3198 Occidentalis
1396 3160 1660 3195 motivatioues
1688 3158 1903 3195 atteruntur,

127 3212 278 3247 minime
307 3212 502 3256 quadrant.
