2243 3444
365 305 430 340 166
942 303 1142 337 Fontes
1183 302 1462 346 Li‘turgiae

314 462 423 500 quae
459 451 496 488 in
532 448 647 489 libris
681 448 883 497 liturgicis
918 447 1196 499 continentur,
1240 446 1278 484 in
1324 444 1466 495 lingua
1498 446 1722 485 vernacula
1757 457 1962 496 peragere
1997 458 2088 485 om-

313 510 429 548 nimo
455 509 711 559 prohibitum
739 512 810 546 est.
848 506 899 545 Si
926 506 1054 555 quis
1080 505 1336 554 proinde
1361 504 1654 544 Sacerdos
1688 506 1737 544 in
1771 506 2088 550 hacnostra

313 568 552 607 Diocesi
590 562 1506 605 Parentino-PolensiMissamin
1541 562 1745 614 lingua
1777 562 2088 604 vernacula

313 626 622 667 celebrare
657 626 919 667 auderet,
967 624 1149 680 autin
1199 622 1453 662 ecclesia
1488 627 1538 662 et
1572 622 1808 673 publice
1843 625 1961 663 sive
1996 623 2087 662 Di-

312 687 435 725 vina
484 685 705 725 Officia
749 686 867 723 sive
915 683 1197 732 Exequias
1242 682 1672 730 defunctorum,
1720 684 1843 722 sive
1887 682 2086 722 Sacra-

314 750 628 784 mentorum
676 743 1250 782 administrationem
1292 743 1340 780 in
1388 742 1579 781 eadem
1627 742 1817 792 lingua
1862 739 2087 792 persol-

310 802 1335 853 veret,graviterpaccaretomnino.
1373 801 1518 850 Quin
1548 802 1674 850 imo,
1703 801 2086 851 quodMissam

312 865 535 911 attinet,
569 864 671 913 jam
722 860 841 901 sola
892 861 1140 900 assertio
1191 873 1304 899 eam
1355 859 1825 910 lingua'vulga‘ri
1873 863 2086 900 tantum

312 921 719 962 celebrandam
756 933 906 968 esse,
941 920 1301 959 anathemate
1336 918 1682 970 plectitur.2)
1726 919 1790 959 Ait
1815 921 1925 959 enirn
1950 919 2085 959 Cone.

310 983 422 1022 Trid.
459 981 568 1020 Sess.
603 981 719 1020 XXII.
756 993 844 1019 can.
881 981 943 1019 9.:
997 978 1061 1027 „Si
1097 980 1192 1029 quis
1235 980 1438 1019 dixerit...
1487 977 1629 1029 lingua
1672 983 1881 1018 tantum
1925 976 2084 1028 vulgari

312 1042 483 1080 Missam
520 1041 723 1079 celebrari
759 1040 975 1078 debere...
1012 1039 1230 1078 anathema
1265 1040 1352 1078 sit.“

311 1157 413 1199 Gihr,
441 1157 518 1191 Das
539 1156 669 1197 heilige
688 1154 914 1199 Messopfer,
941 1154 1118 1197 Freiburg
1137 1155 1158 1189 i.
1178 1155 1218 1189 B.
1240 1155 1340 1196 1880,
1368 1155 1448 1197 208,
1476 1165 1510 1189 n.
1532 1156 1568 1195 1;
1597 1154 1659 1189 cfr.
1679 1154 1872 1199 Rassegua
1891 1153 2084 1189 Giuridica

309 1204 578 1245 Ecclesiastica,
607 1204 724 1239 Roma
752 1203 777 1237 II
809 1203 944 1245 (1904),
972 1213 1007 1246 p.
1027 1202 1094 1236 657
1112 1212 1172 1245 ss,
1200 1202 1268 1238 795
1285 1204 1361 1243 ss.).

454 1251 591 1296 Quoad
620 1261 727 1285 usum
756 1250 903 1292 linguae
941 1250 1125 1284 croaticae
1152 1249 1313 1291 vulgaris
1351 1250 1386 1283 in
1421 1249 1597 1284 nonnulis
1624 1248 1791 1293 partibus
1818 1249 1959 1283 Missae
1986 1250 2021 1282 et
2046 1248 2082 1282 in

310 1299 440 1336 Rituali
468 1299 649 1339 Romano,
687 1297 883 1332 indubium
919 1299 975 1332 est
1014 1298 1135 1341 ipsum
1173 1308 1249 1331 non
1291 1296 1454 1338 abusive,
1495 1297 1562 1331 sed
1597 1297 1855 1331 consentiente
1882 1297 1918 1330 et
1944 1305 2083 1340 appro-

308 1347 420 1381 bante
448 1345 482 1380 S.
504 1346 671 1381 Romana
689 1345 855 1380 Ecclesia
881 1345 1075 1379 inductum
1103 1344 1229 1379 fuisse.
1259 1343 1321 1379 SS.
1343 1344 1554 1379 Concilium
1576 1344 1834 1379 Tridentinum
1859 1345 1894 1378 et
1913 1342 1948 1378 S.
1967 1342 2086 1378 Sedes

309 1393 564 1437 approbarunt
590 1393 884 1435 Evangeliarium
913 1394 1114 1427 croaticum
1143 1392 1305 1434 vulgare,
1333 1392 1435 1436 quod
1466 1394 1550 1426 ante
1578 1391 1835 1426 Tridentinum
1862 1390 2082 1426 biscenten-·

309 1442 408 1475 naria
447 1441 720 1475 consuetudine
755 1440 959 1475 invaluerat
994 1439 1072 1481 (cfr.
1100 1439 1180 1474 XVI
1198 1450 1225 1474 s.
1254 1440 1298 1474 N.
1332 1441 1406 1481 112,
1436 1439 1512 1481 113,
1544 1440 1636 1481 115).
1673 1439 1848 1474 Urbanus
1875 1449 1975 1483 papa
1999 1437 2075 1472 VIII

308 1500 396 1523 vero
424 1499 458 1522 m
477 1499 497 1522 o
515 1490 526 1522 t
541 1498 564 1521 u
592 1498 614 1531 p
632 1498 646 1522 r
663 1499 684 1522 o
702 1498 724 1531 p
740 1498 755 1521 r
770 1489 778 1521 i
795 1499 816 1522 o
845 1498 942 1522 anno
974 1487 1063 1521 1640
1082 1487 1222 1523 Rituale
1242 1487 1450 1523 Romanum
1471 1487 1596 1529 lingua
1623 1487 1784 1522 croatiCa
1804 1486 1944 1529 vulgari
1964 1485 2082 1523 Slavis

309 1535 617 1571 Meridionalibus
658 1536 844 1570 concessit
884 1534 962 1576 (cfr.
990 1534 1084 1569 XVII
1110 1545 1138 1569 s.
1167 1534 1213 1569 N.
1243 1535 1320 1576 109,
1349 1534 1383 1568 et
1409 1545 1444 1578 p.
1465 1534 1538 1577 82),
1566 1545 1661 1578 quae
1696 1535 1893 1569 concessio
1922 1534 2084 1569 editione

310 1583 343 1618 S.
373 1583 688 1625 Congregationis
728 1583 774 1617 de
810 1582 1057 1626 Propaganda
1097 1582 1185 1616 Eide
1213 1583 1297 1616 anni
1329 1582 1418 1617 1893
1444 1581 1521 1625 (cfr.
1549 1581 1632 1616 XIX
1646 1592 1674 1617 s.
1702 1582 1747 1616 N.
1777 1582 1857 1623 107)
1891 1581 2082 1624 recognita

309 1634 374 1666 est.
402 1630 697 1672 Evangeliarium
738 1631 939 1664 croaticum
967 1630 1119 1672 vulgare
1154 1640 1301 1664 necnon
1342 1629 1483 1666 Rituale
1510 1629 1720 1665 Romanum
1754 1629 1879 1672 lingua
1918 1629 2079 1664 croatica

309 1679 449 1723 vulgari
491 1688 579 1720 ergo
623 1677 668 1711 ad
705 1678 763 1712 ius
799 1677 1007 1719 liturgicum
1047 1677 1266 1721 particulare
1294 1677 1421 1721 lllyrici
1450 1676 1717 1719 Occidentalis,
1750 1677 1848 1711 idest
1874 1677 1921 1711 ad
1961 1677 2082 1713 Ritum

310 1726 646 1766 Slavo—Latinum,
688 1725 732 1759 ad
778 1725 976 1759 orientales
1015 1724 1192 1759 ecclesias
1231 1725 1473 1768 adscriptum,
1513 1725 1708 1768 quomodo
1744 1725 1816 1758 iam
1856 1724 2083 1759 Benedictus

309 1773 389 1807 XIV
429 1773 695 1807 constitutione
738 1773 811 1814 „Ex
844 1772 1020 1816 pastorall
1061 1774 1234 1807 munere“
1281 1773 1370 1805 1754
1407 1771 1486 1813 (cfr.
1513 1772 1624 1806 XVIII
1648 1782 1675 1806 s.
1712 1772 1757 1806 N.
1795 1772 1856 1813 80)
1895 1773 1930 1806 et
1964 1771 2083 1806 Bouix

312 1821 522 1861 (Tractatus
563 1820 609 1854 de
649 1820 726 1854 iure
765 1820 950 1862 liturgico,
997 1819 1146 1854 Parisiis
1190 1819 1295 1861 1853,
1337 1820 1426 1854 Pars
1465 1819 1488 1854 I.
1517 1829 1547 1854 c.
1577 1821 1606 1853 1.
1634 1829 1670 1862 p.
1697 1820 1783 1853 202:
1825 1818 2082 1861 „Hodiernum

309 1869 364 1902 ius
404 1868 610 1909 liturgicum
653 1867 777 1911 quoad
808 1867 1019 1902 Orientales
1059 1867 1243 1901 Ecclesias
1274 1887 1312 1889 —
1344 1866 1447 1902 Ritus
1487 1865 1822 1907 Slavo-Latinus“)
1863 1866 2082 1908 docuerunt,

311 1918 496 1958 spectant:
538 1917 637 1949 extra
676 1914 978 1949 codificationem
1020 1915 1108 1949 iuris
1133 1915 1288 1956 liturgici
1317 1914 1430 1948 Latini
1459 1914 1701 1948 occidentalis
1738 1914 1879 1958 posita,
1918 1924 1994 1948 non
2034 1913 2080 1948 ad

310 1974 476 1997 normam
506 1963 592 1996 iuris
621 1962 790 2004 Liturgici
818 1962 944 2004 Latini,
972 1962 1039 1996 sed
1068 1963 1167 1996 iuxta
1194 1972 1346 1996 normas
1366 1961 1455 1996 iuris
1475 1962 1703 2005 particularis
1724 1962 1935 1996 communis
1955 1959 2080 2005 Illyrici

311 2010 564 2044 Occidentalis
594 2010 832 2044 diiudicanda
861 2012 955 2044 sunt.

451 2062 478 2097 2)
507 2056 712 2091 Prohibitio
740 2057 983 2099 Evangeliarii
1011 2058 1045 2091 et
1072 2056 1225 2093 Ritualis
1254 2056 1417 2091 Croatici
1444 2057 1479 2090 in
1510 2056 1675 2091 dioecesi
1702 2055 2081 2091 parentia—Polemi

311 2104 355 2138 ab
385 2104 585 2139 Ordinario
613 2105 684 2139 lata
711 2105 745 2138 in
773 2105 850 2139 iure
877 2104 1032 2138 fundata
1059 2115 1133 2138 non
1163 2107 1237 2144 est3
1266 2105 1351 2148 quia
1380 2103 1601 2138 Ordinarius
1631 2104 1879 2138 dioecesanus
1904 2103 1971 2138 iuri
1998 2113 2084 2146 par-

310 2152 448 2186 ticulari
477 2153 678 2194 communi,
706 2163 726 2186 a
755 2151 788 2187 S.
809 2152 976 2188 Romana
1004 2152 1169 2186 Ecclesia
1188 2151 1411 2195 approbato,
1440 2151 1621 2193 derogare
1643 2162 1719 2185 non
1738 2151 1845 2186 valet.
1872 2150 1909 2184 In
1930 2150 2082 2184 materia

309 2200 397 2233 iuris
437 2199 664 2242 particularis
704 2199 860 2242 liturgici
895 2199 1106 2233 Concilium
1144 2199 1371 2243 provinciale
1412 2209 1495 2233 cum
1535 2199 1809 2242 approbatione
1848 2197 2080 2232 Patriarchae

312 2248 453 2280 tantum
482 2246 602 2280 forum
631 2249 851 2290 competens
879 2248 945 2281 est.

454 2294 497 2328 Et
535 2295 569 2327 in
613 2294 690 2329 iure
733 2294 861 2328 Latino
903 2293 1136 2329 Occidentali
1178 2293 1399 2328 Ordinarius
1440 2294 1688 2328 dioecesanus
1723 2293 1819 2327 enim
1859 2303 1934 2327 non
1969 2291 2081 2326 habet

314 2340 433 2374 forum
463 2343 684 2384 competens
717 2342 751 2375 in
785 2341 982 2383 liturgicis:
1010 2351 1095 2375 nam
1136 2341 1226 2375 haec
1263 2342 1415 2375 materia
1451 2352 1494 2375 ex
1521 2343 1600 2375 toto
1630 2339 1664 2375 S.
1686 2339 1773 2375 Sedi
1800 2341 1986 2374 reservata
2024 2341 2081 2373 est

314 2387 348 2421 S.
378 2388 535 2422 Concilii
564 2388 769 2423 Tridentini
803 2392 910 2431 (sess.
938 2388 1048 2430 XXV,
1078 2388 1334 2430 Continuatio,
1369 2388 1463 2431 Cap.
1509 2388 1586 2429 „De
1622 2388 1809 2422 Breviario
1837 2389 1872 2421 et
1899 2386 2080 2428 Missali“)

311 2437 460 2477 statuto,
489 2435 550 2470 ubi
567 2437 690 2470 stricte
706 2436 871 2478 liturgica
890 2436 1061 2473 Romano
1079 2435 1250 2470 Pontifici
1271 2435 1458 2470 exclusive
1478 2437 1721 2470 reservantur.
1751 2434 1786 2470 S.
1805 2434 1954 2472 Rituum
1975 2433 2080 2468 Con-

312 2483 476 2524 gregatio
507 2484 544 2516 11
575 2483 655 2526 Julii
687 2483 792 2518 1603:
836 2483 994 2528 „Nequit
1030 2484 1126 2518 enim
1162 2483 1375 2527 Episcopus
1414 2484 1590 2526 tanquam
1631 2482 1744 2526 judex
1780 2481 1933 2516 definire
1968 2480 2081 2515 dubia

310 2540 421 2573 super
448 2531 560 2564 sacris
589 2530 717 2565 ritibus
745 2533 780 2565 et
807 2532 1051 2565 caeremoniis
1078 2532 1240 2572 exorta“,
1278 2532 1312 2564 et
1340 2531 1378 2564 21
1411 2529 1532 2564 Martii
1562 2530 1668 2564 1674:
1707 2531 1790 2571 „aut
1816 2529 1920 2565 Ritus
1947 2529 2081 2563 immu-

310 2579 425 2611 tare‘·':
457 2579 496 2611 17
526 2577 754 2620 Septembris
785 2579 885 2613 1822:
916 2578 973 2620 „Si
1001 2578 1089 2622 quid
1112 2577 1212 2612 dubii
1233 2580 1396 2619 occurat,
1424 2577 1688 2611 recurrendum
1709 2578 1764 2611 est
1784 2576 1829 2611 ad
1851 2575 1886 2611 S.
1907 2575 2080 2618 Congre-

309 2625 495 2666 gationem
532 2635 600 2668 pro
636 2625 906 2660 declaratione‘⁴
938 2625 1053 2669 (apud
1083 2625 1202 2659 Bouix
1230 2636 1263 2659 o.
1286 2630 1341 2659 cd.
1369 2625 1390 2658 6
1416 2623 1637 2659 Decembris
1673 2624 1779 2659 1891:
1816 2622 1949 2665 „Sacra
1977 2622 2079 2657 Con-

310 2673 474 2713 gregatio
503 2674 630 2706 monet
658 2672 950 2716 Amplitudinem
972 2673 1091 2707 Tuam
1112 2673 1349 2716 (episcopum
1370 2671 1665 2711 Sibenicensem)
1685 2681 1751 2714 per
1769 2681 1810 2705 se
1831 2670 1919 2705 nihil
1941 2670 2078 2704 addere

308 2729 422 2761 posse
459 2720 573 2753 cuivis
607 2721 687 2754 ritui
715 2730 759 2754 ex
792 2721 834 2755 iis
862 2730 956 2764 quae
985 2720 1168 2754 habentur
1202 2721 1236 2754 in
1266 2719 1396 2755 Rituali
1424 2719 1612 2757 Romano:
1650 2719 1720 2752 hoc
1757 2718 1854 2752 enim
1892 2717 2078 2752 exclusive

310 2765 498 2809 dependet
529 2766 572 2800 ab
601 2768 819 2802 auctoritate
846 2767 1088 2810 Apostolicae
1117 2766 1244 2802 Sedis“
1276 2766 1355 2807 (cfr.
1383 2767 1427 2800 N.
1457 2766 1550 2807 103).

449 2813 612 2855 Joannes
648 2814 782 2848 Crncic'
820 2814 1118 2858 archipresbyter
1146 2813 1180 2849 S.
1210 2814 1429 2857 Hieronymi
1467 2812 1714 2847 Slavonorurn
1749 2812 1795 2846 de
1823 2811 1934 2853 Urbe,
1962 2821 2075 2855 quum

309 2860 409 2893 iussu
451 2859 484 2894 S.
515 2860 661 2895 Rituum
704 2861 1020 2905 Congregationis
1059 2861 1200 2898 Rituale
1239 2861 1454 2895 Croaticum
1491 2870 1559 2903 pro
1586 2859 1845 2894 Vrhbosnensi
1885 2858 2077 2902 provincia

309 2907 447 2941 editum
476 2907 555 2948 (cfr.
585 2908 628 2942 N.
661 2909 740 2949 101)
778 2911 999 2951 recenseret,
1040 2908 1253 2952 apologiam
1291 2909 1399 2942 etiam
1428 2907 1579 2944 Ritualis
1608 2906 1783 2948 Croatici,
1820 2905 1866 2940 ab
1893 2905 2075 2948 episcopo

309 2954 710 2989 Parentino-Polensi
765 2957 983 2999 oppugnati,
1021 2956 1275 2997 concinnavit,
1328 2955 1417 2989 haec
1459 2955 1552 2988 inter
1587 2954 1654 2988 alia
1693 2953 1881 2988 Cardinali
1930 2951 2075 2994 Angelo

308 3000 459 3035 Bianchi
488 3000 522 3036 S.
542 3002 687 3038 Rituum
719 3002 1033 3044 Congregationis
1061 3002 1253 3037 Praefecto
1292 3001 1609 3036 animadvertens:
1640 3001 1771 3046 „Quae
1799 2999 1968 3035 defensio
1995 3009 2076 3033 mea

309 3047 459 3083 Ritualis
496 3048 651 3084 Romani
691 3049 815 3091 lingua
853 3050 990 3084 slavica
1023 3050 1163 3092 vulgari
1204 3052 1238 3084 et
1276 3050 1425 3093 quidem
1463 3048 1654 3092 utriusque
1682 3048 1855 3083 editionis
1892 3047 2000 3081 etiam
2028 3045 2074 3080 ad

308 3094 537 3137 Episcopum
567 3095 803 3130 Parenttnum
833 3099 867 3131 et
894 3097 1091 3132 Polensem
1120 3096 1484 3134 Reverendissimum
1513 3095 1717 3129 Dominum
1744 3094 1924 3137 Joannem
1960 3093 2074 3136 Elapp

308 3143 498 3183 perveniat
523 3142 643 3184 velim,
671 3144 732 3187 qui
759 3153 857 3177 anno
886 3144 1079 3187 superiore
1107 3144 1228 3185 (1887)
1255 3144 1290 3178 in
1320 3143 1540 3180 Kalendario
1568 3142 1625 3177 vel
1651 3141 1859 3176 Directorio
1887 3151 1957 3175 suo
1985 3140 2075 3174 haec

311 3187 355 3221 de
384 3188 508 3229 lingua
526 3189 692 3231 liturgica
719 3190 880 3224 scribere
907 3193 942 3225 et
967 3192 1160 3235 precipere
1187 3201 1301 3226 ausus
1329 3193 1384 3225 est
1410 3189 1538 3232 (verba
1565 3190 1599 3223 in
1629 3189 1809 3232 superiori
1838 3190 1936 3223 textu
1965 3186 2075 3221 relata

310 3235 491 3276 citantur).
535 3236 631 3277 Ergo
669 3237 725 3270 hic
762 3237 974 3281 Episcopus
1013 3240 1123 3280 negat
1158 3248 1241 3273 esse
1279 3237 1416 3272 licitum
1456 3246 1564 3270 usum
1605 3235 1755 3272 Ritualis
1796 3235 1938 3277 Slavici,
1972 3233 2074 3278 quod
