2243 3444
379 326 426 360 88
979 322 1479 363 FontesLiturgiae

333 468 445 509 slava,
460 467 505 501 88
525 467 601 508 ss),
629 465 687 499 illa
714 464 925 507 germanica
946 463 1225 505 commentaria,
1253 473 1329 496 non
1349 472 1466 506 parvo
1487 472 1610 497 errore
1627 481 1667 486 —-
1689 462 1791 507 quod
1812 473 1948 506 nempe
1965 462 2110 506 liturgia

334 513 714 557 Glagolito-Romana
741 521 839 545 anno
870 511 958 545 1887
986 510 1172 544 introduci
1200 511 1360 553 primum
1388 510 1424 544 in
1452 509 1637 544 Dalmatia
1663 511 1829 554 coeperit
1857 530 1898 534 —
1918 512 2109 553 scatentia,

333 562 452 596 italice
488 571 594 595 versa
633 559 761 599 refert:
800 568 895 602 quae
933 558 1200 592 commentaria
1236 557 1367 601 procul
1410 556 1551 591 dubbio
1588 556 1662 591 fata
1697 557 1863 599 liturgiae
1902 557 2109 600 Glagolito-

333 610 523 646 Romanae
542 607 587 641 ab
615 617 713 641 anno
736 606 825 640 1887
853 605 939 639 inde
967 606 1023 639 sat
1050 604 1146 639 clare
1174 604 1380 646 elucidant;
1408 604 1583 648 aliudque
1618 604 1741 639 adhuc
1766 603 1905 639 factum
1933 606 2109 650 tanquam

334 658 472 690 certum
501 654 702 690 testificans
729 653 765 695 (l.
786 663 816 687 e.
835 663 870 696 p.
893 652 991 694 165):
1017 649 1095 693 „Ne
1116 651 1184 687 dee
1203 652 1330 696 percio
1350 651 1404 686 far
1422 651 1635 694 meraviglia
1654 651 1722 686 che
1740 651 1763 686 il
1788 654 1918 686 nostro
1939 652 2108 696 piissimo

334 703 525 744 Monarca,
554 701 754 736 ricevendo
782 700 840 734 nel
873 700 959 734 1887
986 700 1023 733 in
1051 699 1142 733 Pola
1168 699 1190 734 il
1217 709 1384 734 vescovo
1414 699 1450 733 di
1477 699 1644 733 Parenzo
1673 709 1692 734 e
1719 699 1810 734 Pola
1837 710 1856 734 e
1883 709 1957 734 una
1993 700 2110 744 depu-

333 751 478 784 tazione
507 749 564 783 del
593 749 689 782 clero
720 747 935 788 diocesano,
963 757 1095 781 avesse
1122 747 1158 781 in
1186 746 1302 781 modo
1330 746 1550 790 particolare
1565 746 1856 780 raccomandato
1871 756 1946 781 una
1964 746 2110 782 oculata

333 797 514 839 vigilanza
550 793 686 839 perche
721 805 796 829 non
831 795 860 829 si
887 793 1076 828 iacessero
1114 794 1353 828 innovazioni
1393 793 1473 828 coll'
1502 793 1712 828 introdurre
1739 804 1758 828 e
1799 793 1949 829 dilatare
1987 794 2008 828 l’
2037 804 2107 829 uso

334 844 429 879 della
456 844 599 885 liturgia
627 843 759 877 slava.“

475 890 613 935 Quoad
635 889 906 933 prohibitiones
934 898 1024 923 usus
1045 888 1212 931 liturgiae
1240 887 1430 931 Glagolito
1447 907 1464 913 -
1482 888 1673 925 Romanae
1692 898 1790 922 anno
1812 889 1914 923 1887.
1929 888 1975 924 ab
1996 888 2111 924 Ordi-
2168 931 2172 935 ⁵

333 939 473 973 nariatu
499 938 667 981 Jadrensi
693 936 784 971 latas
811 936 1032 978 notandum,
1071 936 1174 980 quod
1202 936 1248 970 ad
1282 935 1540 979 appelationes
1574 934 1609 970 8.
1629 935 1777 973 Rituum
1815 935 2110 979 Congregationi

333 988 523 1030 porrectas
551 984 761 1019 oratoribus
789 985 1008 1027 rescriptum
1037 986 1112 1018 est:
1143 983 1306 1026 „decisio
1333 983 1480 1026 Jadren.
1511 982 1552 1017 16
1579 983 1738 1025 Augusti
1767 983 1856 1018 1886
1883 983 1963 1025 (cfr.
1986 984 2032 1019 N.
2052 985 2112 1022 97)

333 1034 366 1067 in
394 1033 498 1067 viridi
526 1031 762 1066 observantia
789 1033 956 1065 maneat“
1002 1031 1055 1065 Ex
1083 1041 1158 1075 quo
1186 1032 1287 1075 patet
1313 1030 1586 1074 prohibitiones
1607 1030 1685 1065 illas
1706 1031 1821 1065 inscia
1843 1029 1878 1066 S.
1901 1030 1998 1066 Sede
2018 1031 2110 1067 latas

333 1080 465 1121 fuisse;
492 1089 560 1114 nec
588 1090 608 1114 a
636 1078 670 1114 8.
690 1078 787 1114 Sede
815 1078 1028 1113 ratihabitas
1055 1077 1182 1113 fuisse.

774 1235 878 1276 101.
918 1235 1055 1286 1887,
1091 1232 1308 1288 SaraJ'evo
1351 1232 1622 1275 Vrlzbosrzen.

476 1340 632 1384 Rituale
683 1343 919 1384 Romanum
972 1341 1115 1392 lingua
1169 1343 1349 1382 croatica
1399 1340 1580 1392 vulgari,
1635 1343 1715 1382 iam
1764 1354 1875 1381 anno
1930 1343 2038 1383 1640
2088 1354 2110 1382 a

335 1411 660 1453 Bartholomaeo
696 1413 817 1455 Kasic
842 1413 880 1453 S.
904 1415 936 1464 J.
959 1426 1127 1453 versum
1152 1417 1190 1453 et
1212 1415 1319 1465 typis
1348 1413 1387 1453 S.
1415 1413 1775 1463 Congregationis
1799 1413 2107 1464 Propagandae

335 1484 449 1523 Fidei
472 1484 575 1532 (Cir.
600 1485 752 1523 Fontes
774 1485 879 1524 XVII
904 1497 935 1524 s.
961 1486 998 1525 N
1028 1486 1125 1533 109)
1151 1485 1323 1532 editum,
1347 1497 1445 1524 cura
1477 1488 1516 1524 et
1539 1485 1742 1535 impensis
1763 1485 1924 1535 Joseph
1947 1482 2110 1524 Stadler

336 1556 647 1605 archiepiscopi
680 1556 1001 1595 Vrhbosnensis
1035 1559 1148 1595 sexta
1181 1557 1271 1595 vice
1306 1556 1569 1606 imprimitur.

474 1635 581 1679 Juxta
610 1636 798 1680 exemplar
825 1637 860 1671 in
886 1636 1114 1672 bibliotheca
1142 1636 1346 1680 Capitulari
1366 1636 1389 1672 S
1423 1636 1642 1681 Hieronymi
1659 1635 1907 1672 Slavonorum
1928 1636 1974 1672 de
1993 1635 2107 1672 Urbe.

838 1792 940 1834 102.
980 1792 1116 1843 1890,
1156 1793 1218 1833 17
1246 1791 1379 1843 Masi,
1415 1791 1602 1833 Romae.

478 1899 601 1938 Sacra
626 1901 791 1942 Rituum
817 1900 1124 1950 Congregatio‚
1150 1901 1285 1943 Ritum
1309 1900 1618 1940 Graecanicum
1643 1912 1795 1950 aquam
1820 1899 2107 1940 benedicendi

337 1971 375 2009 in
410 1969 559 2020 Vigilia
594 1972 864 2021 Epiphaniae,
891 1972 1010 2022 quod
1044 1973 1124 2011 iam
1159 1984 1181 2011 a
1214 1971 1444 2011 Benedicto
1469 1972 1551 2011 XIII
1575 1983 1686 2010 anno
1716 1972 1824 2011 1715
1848 1971 2108 2022 prohibitum

336 2041 479 2088 tuerat,
515 2041 589 2080 sed
623 2042 708 2081 hoc
741 2054 827 2081 non
863 2043 1054 2082 obstante
1088 2055 1165 2093 per
1198 2044 1353 2082 Istriam
1397 2046 1435 2082 et
1468 2040 1716 2081 Dalmatiam
1749 2046 1831 2081 tam
1865 2043 1905 2081 in
1945 2040 2110 2091 liturgia
2167 2066 2199 2099 .'

339 2110 781 2161 Glagolito—Romana,
817 2126 944 2164 quam
979 2115 1019 2153 in
1053 2112 1196 2164 lingua
1243 2115 1423 2153 croatica
1456 2111 1618 2163 vulgari
1665 2114 1703 2152 in
1751 2111 1942 2152 ecclesiis
1987 2110 2109 2151 latine

339 2182 528 2221 officiatis
562 2184 669 2223 iuxta
707 2174 904 2233 „8c'avet“
941 2186 1143 2235 viguerat,
1178 2185 1363 2224 Decreto
1395 2183 1595 2225 Generali
1619 2184 1850 2232 interdicit;
1884 2184 2109 2232 Ritumque

338 2264 489 2302 aquam
524 2253 806 2294 benedicendi
842 2257 881 2295 in
914 2255 1066 2306 Vigilia
1100 2257 1357 2306 Epiphaniae
1382 2257 1489 2295 iuxta
1513 2256 1692 2294 formam
1727 2252 1909 2294 Missalis
1932 2253 2109 2296 Romani

339 2323 551 2363 observari
586 2326 764 2365 mandat.

482 2403 557 2439 Cir.
587 2406 757 2448 Pesante,
786 2407 833 2441 La
860 2406 1004 2450 liturgia
1031 2406 1151 2450 Slava,
1178 2408 1345 2442 Parenzo
1376 2407 1476 2450 1893,
1507 2407 1562 2442 15.

819 2563 922 2604 103.
962 2563 1097 2613 1891,
1133 2563 1162 2604 6
1196 2561 1469 2612 Decembris,
1505 2560 1690 2606 Romae.

481 2667 519 2706 8.
546 2669 709 2710 Rituum
745 2669 1050 2719 Congregatio,
1076 2670 1126 2709 ab
1152 2671 1361 2720 episcopo
1385 2669 1648 2709 Sibenicensi
1672 2669 1824 2707 certior
1846 2668 1963 2716 iacta,
1989 2667 2108 2717 quod

341 2736 527 2787 populus
561 2737 739 2779 slavicus
773 2739 1048 2780 abolitionem
1095 2742 1209 2782 Ritus
1254 2740 1503 2780 Graecanici
1549 2751 1702 2789 aquam
1749 2738 2033 2777 benedicendi
2067 2739 2107 2777 in

339 2806 488 2856 Vigilia
523 2809 777 2858 Epiphaniae
811 2811 848 2849 vi
882 2811 1051 2850 Decreti
1086 2809 1308 2851 Generalis
1347 2812 1395 2850 17
1430 2810 1527 2860 Maji
1568 2811 1676 2849 1890
1711 2808 1903 2848 eiusdem
1928 2807 1967 2848 S.
1993 2808 2108 2848 Con-

343 2880 599 2927 gregationis
633 2892 759 2929 aegre
793 2881 929 2930 ferret,
964 2880 1169 2931 indulget,
1204 2886 1246 2921 ut
1279 2882 1384 2923 Ritui
1409 2882 1601 2923 Romano
1627 2892 1760 2930 aquae
1785 2879 2108 2918 benedicendae

341 2948 442 2988 aliae
478 2950 705 2990 Orationes
739 2955 777 2990 et
811 2951 961 2991 Psalmi
997 2965 1046 2992 ex
1080 2950 1225 2995 Rituali
1250 2953 1442 2995 Romano
1467 2952 1687 2999 addantur,
1711 2948 1778 2990 illa
1801 2962 1897 2990 cum
1922 2950 2108 2989 animad-

339 3021 533 3059 versione
567 3024 729 3060 tamen:
770 3022 918 3071 „Sacra
953 3023 1244 3073 Congregatio
1271 3026 1415 3062 monet
1437 3021 1770 3072 Amplitudinem
1794 3021 1927 3060 Tuam
1962 3032 2038 3070 per
2061 3032 2107 3059 se

341 3088 439 3128 nihil
474 3091 630 3130 addere
666 3104 794 3142 posse
829 3094 959 3132 cuivis
993 3095 1083 3132 ritui
1119 3106 1169 3132 ex
1202 3094 1250 3132 iis
1284 3105 1392 3143 quae
1426 3093 1633 3132 habentur
1660 3093 1699 3131 in
1724 3089 1869 3133 Rituali
1894 3091 2107 3138 Romano;

341 3160 425 3199 hoc
459 3162 568 3199 enim
604 3160 812 3201 exclus1ve
848 3163 1062 3213 dependet
1095 3164 1146 3202 ab
1181 3164 1422 3202 auctoritate
1456 3161 1730 3212 Apostolicae
1764 3161 1926 3201 Sedis.“

484 3245 559 3280 Cfr.
588 3246 757 3289 Pesante,
785 3248 833 3281 La
858 3248 1002 3290 liturgia
1029 3247 1150 3290 Slava,
1178 3249 1357 3290 Parenzo,
1387 3247 1488 3290 1893,
1518 3248 1571 3283 15.
