2191 3434
627 304 1149 347 Glagolito-Romanae
1176 304 1270 339 XIX.
1298 315 1326 340 s.
1784 306 1824 340 81

657 479 728 522 90.
769 479 905 528 1881,
941 477 1069 530 apud
1098 477 1316 519 Eranam.

242 576 549 615 Monasterium
570 574 867 626 Rayhradense
895 574 1072 614 Ordinis
1097 572 1136 613 S.
1162 574 1377 613 Benedicti
1402 573 1516 623 apud
1540 574 1736 621 Brunam,
1761 586 1879 612 suam

97 644 318 697 reliquiam
367 646 446 696 „de
471 640 664 685 ‘brachio
706 645 745 685 8.
772 643 916 697 Cyrilli
957 646 1160 695 Episcopi
1195 646 1470 684 Moravorum
1512 643 1752 695 Apostoli“,
1800 646 1879 684 iam

96 719 217 759 XVIII
251 716 424 757 saeculo
459 716 699 768 aCapitulo
725 718 929 756 ssrunensi
965 716 1084 756 dono
1120 720 1351 766 acceptam,
1387 717 1516 755 Leoni
1552 717 1593 755 Ρ.
1617 717 1698 755 XIII
1724 716 1879 764 donat;

99 790 169 840 qui
204 790 338 840 ipsam
373 790 383 828 i
417 793 648 829 neoerecto
685 789 871 828 oratorio
906 787 976 828 88.
1004 785 1161 839 Cyrillli
1197 791 1235 827 et
1268 788 1475 826 Methodii
1516 787 1629 837 apud
1666 785 1879 826 basilicam

99 860 138 901 S.
164 859 396 901 Clementis
430 861 668 900 recondere
703 861 830 900 iubet.

240 929 407 973 Epistola
435 928 645 964 Cardinalis
681 929 871 963 Dominici
899 927 1076 962 Bartolini
1103 927 1150 961 ad
1178 927 1356 961 Ioannem
1385 927 1520 962 Danilo
1551 927 1636 961 1881
1670 927 1775 969 data;
1804 926 1882 962 Cfr.

98 977 247 1020 Danilo,
275 976 336 1012 Sv.
358 977 471 1011 Cirilo
500 978 509 1012 i
538 977 682 1019 Metod,
709 976 854 1020 Jadrae,
883 976 985 1017 1887,
1016 976 1094 1010 127.

755 1133 829 1175 91.
869 1132 1007 1182 1881,
1043 1129 1232 1176 Romae.

243 1230 300 1269 Ex
332 1229 634 1281 Typographia
659 1225 894 1280 polyglotta
929 1227 968 1266 S.
994 1227 1356 1277 Congregationis
1386 1227 1438 1266 de
1466 1227 1747 1277 Propaganda
1783 1227 1882 1266 Fide

102 1313 198 1352 pars
232 1299 415 1340 Missalis
450 1298 886 1350 Glagolito-Romani,
921 1311 942 1338 a
978 1296 1136 1338 Carolo
1173 1298 1315 1338 Parcic'
1351 1299 1568 1346 recensita,
1604 1298 1758 1348 prodit.

241 1395 366 1435 Ordo
403 1399 442 1435 et
463 1395 614 1435 Canon
649 1395 805 1434 Missae
841 1406 938 1434 cum
974 1394 1239 1433 orationibus
1273 1397 1365 1432 ante
1392 1398 1429 1432 et
1454 1396 1551 1443 post
1574 1394 1747 1432 Missam
1777 1393 1885 1432 iuxta

103 1453 273 1495 Missale
309 1456 561 1497 Romanum.

244 1514 369 1554 Ordo
405 1518 444 1554 et
478 1514 628 1554 Canon
665 1514 835 1561 Missae,
882 1525 962 1552 nec
996 1525 1082 1552 non
1119 1513 1333 1552 orationes
1370 1516 1461 1551 ante
1497 1515 1535 1551 et
1568 1515 1665 1562 post
1698 1512 1885 1559 Missam,

105 1587 213 1625 quae
250 1575 289 1613 in
324 1575 409 1613 hoc
442 1571 588 1613 libello
624 1577 759 1612 extant
794 1586 844 1612 ex
878 1571 1037 1612 Missali
1073 1570 1537 1614 Romano-Slavonico
1579 1575 1800 1621 excerptae
1835 1571 1886 1609 ad

105 1646 297 1673 normam
343 1637 381 1673 et
425 1634 750 1673 uniformitatem
797 1637 985 1672 veterum
1032 1629 1354 1671 Slavonicorum
1391 1631 1604 1671 Codicum
1650 1632 1886 1679 castigatae,

104 1691 299 1792 fidekterl
324 1705 421 1732 cum
465 1691 591 1732 latino
636 1696 746 1732 textu
791 1692 1068 1731 concordant.
1120 1692 1160 1731 In
1197 1703 1381 1741 quorum
1416 1691 1559 1738 fidem,
1601 1694 1677 1729 etc.
1714 1691 1886 1737 Romae,

107 1755 160 1793 25
224 1754 340 1803 priis
379 1754 502 1792 1881.

820 1809 1002 1851 Carolus
1036 1810 1083 1850 Α.
1109 1810 1265 1858 Parcic',
1302 1809 1366 1848 Ad
1402 1808 1508 1848 Slav.
1535 1809 1683 1849 Gentis
1718 1807 1827 1848 Eccl.

1013 1870 1051 1909 8.
1079 1871 1254 1909 Hieron.
1292 1870 1344 1908 de
1380 1869 1496 1909 Urbe
1532 1868 1634 1908 Can.

243 1977 404 2018 Attenta
448 1979 532 2018 fide
577 1979 849 2029 suprascripti
885 1979 981 2019 Rev.
1016 1978 1223 2017 Canonici
1259 1977 1464 2016 Censoris
1508 1976 1690 2025 imprimi
1724 1976 1888 2025 poterit.

109 2038 200 2077 Hac
235 2037 302 2077 die
343 2039 355 2076 1
395 2036 490 2088 Julii
531 2040 633 2078 1881
676 2050 726 2077 ex
760 2037 989 2077 Secretaria
1025 2037 1388 2086 Congregationis
1422 2035 1491 2075 88.
1519 2036 1698 2077 Rittium.

324 2135 364 2174 L.
389 2139 412 2181 †
435 2133 474 2173 8.
1069 2130 1176 2171 Piae.
1214 2130 1315 2173 Ralli
1351 2131 1389 2172 S.
1417 2132 1460 2173 R.
1488 2131 1535 2170 C.
1562 2130 1675 2170 Secr.

682 2230 944 2279 Imprimatur

499 2302 561 2341 Pr.
589 2302 719 2352 Raph.
746 2301 958 2349 Archang.
995 2298 1121 2338 Salini
1159 2298 1213 2338 O.
1241 2299 1281 2337 Ρ.
1309 2297 1345 2337 8,
1373 2298 1414 2336 Ρ.
1438 2296 1485 2335 Α.
1512 2296 1699 2345 Magistri
1735 2294 1830 2333 Soc.

683 2396 946 2446 Imprimatur

872 2464 1005 2517 Julius
1040 2466 1153 2504 Lenti
1189 2464 1387 2514 Archiep.
1412 2463 1554 2502 Siden.
1581 2463 1749 2510 Vicesg.

772 2631 845 2674 92.
885 2631 1022 2672 1881.
1057 2628 1246 2674 Romae.

257 2740 485 2790 Appendix
530 2739 582 2779 ad
617 2737 788 2779 Missale
824 2736 1310 2781 Romano-Slavonicum
1347 2736 1442 2774 anni
1478 2734 1743 2779 MDCCXLI,
1779 2744 1894 2771 com-

116 2809 306 2861 plectens
352 2812 501 2850 missas
547 2823 628 2861 pro
663 2808 885 2849 umversali
932 2807 1126 2856 ecclesia,
1174 2819 1252 2858 pro
1288 2805 1501 2856 aliquibus
1535 2803 1655 2851 locis,
1697 2815 1775 2842 nec
1809 2814 1894 2841 non

117 2894 194 2932 pro
228 2883 369 2922 Tertio
414 2882 580 2921 Ordine
615 2881 654 2921 8.
680 2881 887 2921 Francisci
936 2881 974 2919 in
1010 2878 1214 2919 Dalmatia
1262 2881 1300 2917 et
1343 2878 1453 2916 Istria
1495 2888 1592 2914 cura
1628 2878 1665 2914 et
1699 2873 1895 2923 expensis

119 2953 160 2993 Ρ.
186 2954 376 3005 Hyacinti
411 2953 513 2992 Buic'
546 2954 722 2992 Ministri
759 2950 1044 2999 Provinciam,
1081 2951 1119 2988 in
1140 2949 1420 3001 typographia
1449 2944 1682 2998 polyglotta
1705 2944 1743 2983 S.
1771 2944 1817 2983 C.
1843 2943 1894 2981 de

120 3024 401 3075 Propaganda
435 3024 535 3064 Fide
570 3024 834 3074 imprimitur.

262 3119 381 3159 Haec
413 3118 641 3169 Appendix
674 3117 726 3157 ad
761 3115 931 3157 Missale
966 3127 1044 3166 pro
1069 3115 1209 3153 Tertio
1234 3113 1398 3152 Ordine
1433 3111 1472 3150 8.
1499 3110 1705 3150 Francisci
1733 3111 1895 3147 vetero-

121 3174 338 3217 slavonico
384 3178 584 3217 idiomate
628 3190 703 3228 per
748 3177 860 3216 duos
903 3188 924 3214 a
959 3174 1098 3214 Nobis
1143 3172 1193 3211 ad
1239 3172 1279 3210 id
1326 3172 1550 3220 deputatos
1585 3168 1896 3207 Examinatorcs

122 3237 254 3276 revisa
289 3240 327 3276 et
360 3235 509 3276 collata
543 3237 617 3276 fuit
638 3249 734 3276 cum
761 3232 953 3285 originali
980 3232 1120 3280 latino,
1156 3243 1340 3281 quorum
1372 3229 1612 3269 testimonio
1648 3227 1775 3265 tidem
1800 3226 1896 3264 faci-

192 3319 305 3362 ιειιᾱ,
327 3327 492 3362 fomes,
514 3328 589 3354 pars
610 3327 655 3355 111.
1781 3305 1802 3339 0
