2191 3434
606 312 1147 355 Glagolito-Romanae
1174 314 1266 349 XIX.
1295 325 1323 349 s.
1408 292 1411 297 Ι
1761 318 1803 353 59

523 574 597 615 65.
637 574 773 622 1862,
807 574 870 615 28
904 572 1177 624 Decembris,
1215 573 1399 619 Romae.

219 681 520 721 Constantinus
556 681 699 720 Patrizi
736 680 974 720 Cardinalis
1009 682 1241 731 episcopus
1277 682 1426 722 Portus
1461 686 1498 722 et
1533 682 1571 722 S.
1598 683 1770 724 Rufinae
1806 697 1852 723 ac

78 751 266 792 Vicarius
309 751 349 791 S.
385 751 629 800 Sanctitat1s‚
676 752 953 792 millenarium
1001 751 1071 791 SS.
1098 752 1240 804 Cyrilli
1277 756 1315 791 et
1348 754 1554 792 Methodii
1596 754 1635 792 in
1672 755 1850 794 ecclesia

76 814 297 865 Slavorum
332 823 371 864 S.
408 824 656 875 Hieronymi
698 823 751 863 de
786 824 902 863 Urbe
936 835 1012 873 per
1056 824 1264 874 integrum
1309 836 1495 874 sequens
1542 836 1696 864 annum
1744 826 1852 864 cele-

78 894 286 935 brandum
321 895 469 935 statuit.

218 999 241 1034 I.
261 999 378 1042 Brcic',
405 999 500 1034 Dvie
528 998 656 1034 sluibe
684 1009 737 1034 sv.
759 998 870 1034 Cirila
898 999 907 1033 i
935 998 1102 1041 Metuda‚
1130 999 1335 1042 Zagrabiae
1366 1000 1467 1041 1870,
1498 1000 1551 1035 16.

598 1168 672 1209 66.
714 1167 847 1217 1863,
883 1167 913 1208 2
945 1166 1122 1218 Martii,
1146 1166 1333 1220 jadrae.

217 1275 581 1325 Archiepiscopus
614 1274 828 1324 jadrensis
869 1274 1014 1313 Petrus
1060 1275 1315 1314 Domminus
1360 1277 1538 1325 Maupas
1579 1276 1630 1314 ad
1668 1277 1851 1315 millena-

75 1346 181 1385 rIum
218 1345 287 1387 SS.
314 1346 457 1398 Cyrilli
505 1349 542 1385 et
582 1346 788 1385 Methodii
833 1347 905 1386 rite
953 1346 1272 1388 celebrandum.
1320 1348 1520 1386 omnibus
1566 1346 1767 1386 fidelibus
1803 1346 1853 1385 ad

76 1418 159 1457 hoc
193 1417 381 1465 invitatis,
421 1418 573 1465 „missa
607 1417 837 1467 pontificali
872 1418 912 1456 in
937 1418 1164 1456 cathedrali
1198 1418 1389 1467 jadrensi
1420 1418 1627 1467 absoluta,
1652 1418 1851 1469 hymnum

79 1488 221 1537 „Tebe
255 1489 373 1539 Boga
407 1489 615 1527 hvalimo‘·
655 1489 731 1536 (Te
767 1489 905 1527 Deum
942 1489 1181 1534 laudamus)
1217 1489 1428 1537 decantat;
1464 1492 1717 1539 portamque
1755 1489 1852 1526 mai—

76 1571 194 1599 orem
230 1559 421 1598 eiusdem
457 1560 654 1599 basilicae
690 1560 767 1599 hac
801 1560 1036 1610 epigraphe
1073 1572 1277 1600 exornare
1312 1561 1445 1600 iubet:

703 1678 875 1730 Cyrillo.
911 1679 956 1717 Et
990 1678 1227 1719 Methodio.

786 1745 1148 1794 Archiepiscopis.

553 1809 754 1849 Patronis.
789 1809 1074 1850 Coelestibus.
1111 1809 1381 1849 Salutaribus.

729 1875 943 1925 Quorum.
980 1875 1208 1915 Beneficio.

632 1941 805 1981 Gentes.
841 1940 1042 1981 Slavicae.
1080 1942 1300 1980 Plurimae.

603 2007 755 2046 Veteri.
791 2005 1111 2056 Superstitione.
1147 2006 1324 2056 Reiecta.

521 2072 814 2112 Christianam.
851 2070 1117 2122 Sapientiam.
1153 2072 1393 2122 Agnovere.

390 2139 609 2179 l-lumanis.
645 2138 908 2188 Divinisque.
945 2138 1115 2177 Litteris.
1152 2138 1398 2184 Exc(ultae).
1435 2136 1548 2176 Sunt.

615 2204 854 2254 jadrenses.
891 2202 1052 2242 Corde.
1089 2203 1313 2242 Laetantes.

754 2269 891 2309 Anno.
931 2269 1172 2308 Millesimo.

613 2336 660 2375 A.
696 2335 862 2374 Fausto.
899 2335 1037 2374 Felici.
1074 2334 1316 2383 Utriusque.

489 2401 805 2440 Thessalonica.
842 2401 896 2438 ln.
933 2400 1206 2439 Pannoniam.
1244 2399 1448 2439 Adventu.

536 2465 764 2505 Solemnia.
800 2466 856 2506 Et.
894 2465 1144 2505 Gratiarum.
1181 2465 1394 2503 Actiones.

218 2581 241 2616 I.
262 2581 378 2625 Brcic',
406 2582 501 2617 Dvie
529 2581 655 2617 sluibe
683 2592 737 2616 sv.
758 2581 870 2616 Cirila
897 2582 905 2616 i
935 2581 1102 2623 Metuda,
1131 2580 1334 2622 Zagrabiac
1365 2581 1465 2617 1870.
1498 2579 1549 2613 16.

736 2762 810 2802 67.
850 2761 986 2810 1863,
1023 2759 1206 2803 Romae.

219 2880 314 2919 Pius
350 2880 391 2919 Ρ.
423 2880 483 2921 ΙΧ.
520 2880 631 2919 diem
666 2880 817 2919 festum
853 2879 923 2919 SS.
960 2880 1102 2931 Cyrilli
1139 2884 1176 2918 et
1213 2879 1433 2921 Methodii,
1470 2878 1587 2928 quod
1623 2877 1735 2926 apud
1772 2877 1848 2914 Bo*

78 2950 241 2999 hemos‚
277 2951 476 2990 Moravos
501 2963 545 2990 er
569 2951 745 2990 Croatas
768 2951 835 2990 die
855 2963 972 2990 nono
998 2951 1131 2989 Martii
1168 2950 1474 2993 celebrabatur,
1500 2949 1566 2986 die
1593 2948 1732 2997 quinta
1757 2947 1849 2996 Julii

78 3031 203 3071 agere
238 3021 442 3072 indulget.

219 3125 415 3170 Encyclica
438 3125 612 3167 „Grande
632 3133 787 3160 munus⁴
812 3125 945 3160 Leonis
967 3125 1004 3158 Ρ.
1025 3124 1119 3159 Xlll:
1140 3123 1203 3158 cfr.
1225 3124 1248 3157 l.
1270 3122 1384 3164 Βτῦἰέ,
1404 3122 1498 3156 ὓγίο
1519 3119 1645 3154 slnibc
1666 3129 1717 3154 εν.
1741 3119 1851 3153 Cirila

79 3171 89 3205 i
117 3171 282 3215 Metuda,
311 3172 636 3215 Zagrabiae1870,
666 3173 727 3208 16:
755 3172 847 3207 infra
875 3172 919 3206 N.
939 3172 994 3205 82.
