2243 3444
302 321 393 362 ῐὲ44
951 317 1136 359 Fontes
1183 315 1444 370 Liturgiae

445 469 645 519 „Visitavi
679 466 870 508 secundo
903 467 1042 506 totam
1072 477 1214 505 meam
1239 464 1489 512 dioecesim,
1511 463 1644 516 idque
1665 462 1822 517 majori
1859 475 1958 503 cum
1989 474 2095 514 gau-

305 529 375 570 dio
409 528 541 570 animi
575 527 679 567 mei:
714 538 814 565 nani
847 536 951 563 oves
979 536 1102 563 meae
1134 536 1287 563 vocem
1319 535 1462 562 meam
1490 522 1643 562 audire
1675 534 1827 562 omnes
1858 521 2098 572 potuerunt

303 601 401 628 cum
432 587 551 639 prius
584 597 731 625 earum
749 581 956 635 Illyricam
989 580 1195 632 linguam,
1228 593 1317 620 non
1341 580 1433 619 sine
1458 579 1660 632 improbo
1693 578 1857 626 labore,
1893 577 2096 618 dedicere

301 644 419 697 (sici)
451 642 581 689 volui,
614 644 661 681 ut
691 640 733 680 in
766 638 943 690 singulis
973 637 1188 690 paroeciis
1220 637 1452 678 vernacula
1480 650 1632 677 eorum
1662 636 1810 688 lingua
1838 634 2096 676 concionem

300 704 461 744 habere
492 712 680 753 possem,
711 699 842 750 prout
874 696 927 736 de
960 696 1072 736 facto
1106 695 1253 736 habui.
1289 695 1450 748 Sicque
1489 694 1728 735 helantium
1760 705 1972 746 agnorum
2017 704 2089 732 vo-

302 774 371 802 ces
406 763 446 799 et
477 759 568 811 ipse
601 756 750 797 audire
784 753 922 807 potui,
945 753 1110 793 scilicet
1138 765 1299 805 pueros
1323 753 1437 793 circa
1459 751 1558 792 fidei
1584 751 1823 792 catholicae
1846 750 2094 791 rudimenta

300 832 378 871 per
409 816 714 867 memetipsum
750 811 1056 852 examinando.
1093 833 1140 839 —

436 873 485 914 In
528 872 729 913 omnibus
771 868 987 923 paroeciis
1028 880 1153 908 meae
1196 867 1421 915 dioecesis,
1468 868 1601 919 prout
1640 866 1684 906 in
1729 867 1822 906 tota
1852 865 1989 913 Istria,
2021 863 2098 905 uhi

299 933 413 985 viget
444 932 589 982 lingua
622 928 796 980 Illyrica,
829 926 1007 978 singulis
1039 925 1159 966 festis
1192 925 1346 965 diebus
1372 925 1413 964 in
1445 926 1579 965 missa
1610 923 1853 976 parochiali
1884 925 1985 976 post
2006 922 2093 962 lec-

301 993 389 1031 tam
421 991 497 1029 aut
538 989 756 1027 cantatam
804 983 1045 1036 Epistolam
1090 986 1131 1023 et
1171 983 1451 1034 Evangelium
1495 981 1710 1029 Latinum,
1753 981 1864 1021 solet
1904 980 1986 1032 legi
2023 982 2097 1021 aut

301 1048 396 1089 cani
436 1045 631 1098 Epistola
672 1044 765 1096 ipsa
808 1044 849 1082 et
889 1041 1172 1093 Evangelium
1220 1041 1385 1094 Illyrico
1428 1052 1652 1088 sermone,
1696 1052 1786 1079 non
1835 1038 2011 1092 quidem
2046 1050 2097 1078 ex

300 1104 461 1146 Missali
492 1104 694 1143 Romano
731 1099 1054 1141 characteribus
1087 1097 1261 1150 Illyricis
1294 1111 1369 1139 seu
1392 1096 1733 1138 Hieronimianis
1770 1096 1998 1149 impresso,
2023 1094 2096 1148 qui

300 1163 476 1216 quidem
510 1161 795 1206 characteres,
828 1157 957 1198 unico
989 1168 1058 1197 me
1101 1158 1296 1208 excepto,
1342 1155 1546 1197 omnibus
1579 1154 1758 1195 omnino
1792 1153 1958 1194 clericis
1989 1152 2097 1193 meis

302 1225 342 1261 et
373 1219 575 1273 parochis
607 1219 708 1262 sunt
739 1228 918 1269 prorsus
942 1213 1090 1266 ignoti,
1124 1213 1200 1254 sed
1239 1226 1289 1254 ex
1313 1213 1505 1266 quodam
1527 1212 1640 1253 libro
1662 1213 1918 1264 nuncupato
1943 1210 2098 1252 Schia-

297 1280 415 1319 vetto
458 1277 706 1317 charactere
746 1273 894 1321 latino,
938 1272 1145 1312 idiomate
1187 1273 1331 1312 autem
1382 1271 1548 1324 Illyrico
1593 1270 1855 1322 conscripto.
1907 1268 2096 1319 Quaero,

299 1339 444 1376 utrum
476 1347 579 1375 usus
611 1333 691 1373 iste
723 1331 776 1371 sit
807 1329 1061 1371 tolerandus
1092 1332 1272 1382 propter
1304 1329 1396 1383 ejus
1433 1329 1669 1369 maximam
1701 1326 2022 1380 antiquitatem,
2055 1329 2098 1366 et

301 1407 399 1434 cum
431 1392 617 1433 multum
651 1392 797 1442 gratus
828 1388 883 1428 sit
913 1387 1010 1428 rudi
1044 1387 1240 1440 populo?

434 1450 488 1490 Et
518 1451 733 1502 quatenus
763 1445 1031 1494 affirmative,
1072 1447 1175 1497 peto
1218 1443 1436 1484 humiliter
1478 1443 1651 1491 docear,
1683 1455 1796 1496 quae
1827 1442 1883 1483 sit
1913 1453 2097 1483 accura-

299 1509 382 1549 tior
414 1507 645 1553 traductio,
680 1507 721 1545 et
753 1517 865 1557 quae
897 1502 1051 1544 melior
1083 1502 1215 1542 editio
1249 1501 1451 1542 similium
1474 1501 1686 1542 librorum
1719 1500 1960 1542 Schiavetti
1981 1511 2095 1540 nun-

300 1563 592 1619 cupatorum?
632 1563 730 1604 Non
770 1562 884 1602 enim
926 1561 1036 1602 adeo
1079 1560 1202 1601 facile
1244 1572 1398 1611 cogere
1435 1560 1590 1611 potero
1614 1571 1745 1603 meos
1776 1557 2009 1611 parochos,
2042 1559 2091 1597 ut

303 1624 498 1665 ediscant
531 1622 803 1663 characteres
840 1618 1203 1670 Hieronymianos
1227 1616 1544 1658 difficillimos,“

435 1711 712 1746 Authenticum
745 1710 784 1743 'm
815 1709 982 1743 Archivo
1018 1708 1053 1743 S.
1088 1708 1226 1754 Congr.
1264 1707 1425 1742 Concilii
1449 1707 1489 1740 in
1522 1706 1727 1740 Tabulario
1753 1694 1961 1751 Vaticarim
1982 1705 2098 1751 juxta

302 1764 526 1806 excerptum
554 1757 821 1792 Crncicianum
849 1755 937 1789 anni
963 1754 1062 1788 1892.

742 1912 812 1953 89.
846 1910 960 1950 1765
991 1921 1036 1958 6.,
1068 1906 1226 1950 Romen³
1262 1904 1655 1961 (Justinopolitan).

441 2003 734 2057 Responsales
767 2002 809 2043 S.
839 2001 998 2053 Congr.
1033 2000 1350 2053 propagandae
1372 1999 1497 2040 Fidei
1531 1998 1571 2039 S.
1609 1998 1946 2051 Congregationi
1980 1997 2096 2039 Con-

304 2073 387 2116 cilii
420 2075 560 2121 datae,
603 2087 732 2126 super
776 2073 910 2113 dubio
945 2070 1140 2123 episcopi
1182 2069 1538 2122 Justinopolitani
1583 2065 1671 2124 [cfr.
1715 2067 1765 2109 N.
1798 2066 1874 2122 88]
1908 2067 1962 2108 de
1994 2067 2096 2121 Epi-

303 2144 478 2185 stolario
510 2144 638 2195 vulgo
676 2143 1004 2193 „Schiavetto“:

442 2235 828 2288 „Iustinopolitano
862 2234 1068 2287 episcopo
1091 2232 1327 2273 sciscitanti
1350 2231 1404 2272 de
1425 2230 1591 2284 puriori
1613 2230 1861 2284 Epistolarii
1885 2232 1927 2271 et
1949 2231 2093 2271 Evan-

301 2294 462 2347 geliarii
494 2294 697 2341 editione,
730 2293 850 2346 quod
881 2292 1010 2344 vulgo
1044 2291 1201 2332 dicitur
1223 2290 1487 2338 Schiavetto,
1522 2288 1639 2329 nullo
1671 2288 1805 2329 modo
1839 2288 2091 2330 satisfacere

301 2365 548 2404 possumus.
571 2351 835 2405 Hujusmodi
869 2350 981 2390 enim
1014 2348 1219 2389 volumen
1244 2347 1404 2389 Sacrae
1437 2344 1797 2398 Congregationis
1841 2345 2100 2398 Progandae

302 2410 424 2449 Fidei
446 2409 717 2457 auctoritate,
750 2420 891 2460 neque
915 2407 1005 2459 ejus
1029 2405 1331 2460 typographio,
1364 2417 1507 2457 neque
1529 2404 1645 2453 alibi,
1670 2404 1791 2456 quod
1830 2403 2095 2452 noverimus»,

302 2467 379 2507 fuit
410 2480 603 2519 unquam
637 2478 855 2506 excusum.
879 2465 959 2505 Hic
985 2464 1150 2504 Romae
1182 2462 1373 2504 Ecclesia
1405 2462 1449 2502 S.
1482 2461 1747 2514 Hieronymi,
1780 2461 1823 2501 in
1847 2474 1934 2514 qua
1975 2460 2096 2502 natio

304 2524 469 2576 Illyrica
500 2524 588 2564 suis
621 2523 773 2563 ritibus
805 2535 928 2563 sacra
958 2521 1072 2570 facit,
1105 2520 1240 2561 utitur
1272 2520 1462 2572 quadam
1501 2519 1692 2559 editione
1723 2518 1912 2559 Venetiis
1944 2531 1969 2558 a
1992 2517 2097 2559 Pez-

303 2594 412 2622 zana
443 2594 558 2622 anno
596 2581 703 2622 1718
751 2582 1020 2632 comparata.
1072 2578 1273 2619 Ceterum
1317 2580 1462 2618 utrum
1495 2589 1545 2616 ea
1582 2576 1842 2617 Sclauonica
1884 2576 2097 2629 interpre-

302 2639 422 2684 tatio,
457 2640 634 2692 ejusque
667 2651 769 2678 usus
801 2638 855 2677 sit
885 2636 1155 2689 probandus,
1196 2649 1253 2676 an
1280 2635 1428 2688 potius
1477 2633 1728 2686 exigendus,
1763 2634 2000 2675 decernere
2033 2634 2098 2673 est

306 2695 464 2736 Sacrae
498 2696 793 2748 lnquisitionis
825 2707 917 2735 esse
949 2694 1157 2734 videtur.“

441 2785 716 2819 Autlient-icum
741 2785 779 2818 in
806 2784 972 2818 Archivo
1012 2784 1045 2818 S.
1080 2783 1219 2829 Congr.
1255 2782 1415 2817 Concilii
1438 2782 1478 2815 in
1519 2781 1725 2816 Tabulario
1751 2781 1962 2825 Vaticano;
1982 2780 2099 2827 juxta

306 2836 528 2877 excerptum
555 2831 819 2866 Crncicianum
847 2831 935 2865 anni
963 2829 1059 2864 1892.

982 2985 1050 3023 90.
1084 2984 1213 3030 1767,
1247 2980 1414 3022 Romae.

443 3074 632 3115 Curante
677 3074 869 3115 Antonio
915 3073 1088 3115 Juranic
1136 3072 1346 3126 Veglensi,
1394 3071 1592 3112 Ministro
1650 3069 1909 3112 Provinciali
1958 3068 2096 3111 Tertii

307 3142 480 3183 Ordinis
525 3143 567 3182 S.
611 3142 842 3191 Francisci,
885 3143 1019 3183 altera
1061 3143 1192 3183 editio
1235 3141 1420 3182 Missalis
1462 3140 1903 3191 Glagolito-Romani,
1937 3139 2022 3180 iam
2069 3151 2095 3178 a

305 3211 469 3252 Joanne
502 3211 667 3252 Pastric
690 3225 804 3253 anno
834 3212 936 3253 1707
975 3209 1063 3267 [cfr.
1096 3212 1144 3253 N.
1183 3211 1249 3265 19]
1284 3210 1400 3260 editi,
1423 3209 1503 3250 suh
1531 3209 1655 3250 titulo
1682 3209 1812 3259 „Mise
1839 3221 1889 3249 za
1921 3213 2093 3249 umrsve

2204 1094 2210 1104 Δ
2199 1011 2214 1054 -'‚.1
2201 991 2212 1004 ⁴.
2208 957 2214 984 a.
2197 558 2215 941 Quo-*fflfflssn
