2191 3434
523 348 1063 396 Glagoli‘co-Romanae
1113 348 1293 383 XVIII.
1345 360 1372 382 s.
1752 354 1795 383 554

34 491 211 532 littorali
261 491 330 531 del
379 490 494 531 Seno
544 490 782 538 Flanatico,
825 504 846 530 e
879 489 1255 530 nominatamente
1302 489 1472 537 Bersez‚
1523 488 1840 538 Muschenizze,

36 549 249 598 Lovrana,
282 547 461 595 Kastua‚
498 548 700 601 VepinaZ.
736 559 1005 589 conservano
1039 546 1079 586 la
1111 549 1247 586 stessa
1282 546 1564 586 officiatura.“

172 638 242 673 Ms.
269 638 440 673 Identita
465 638 565 672 della
591 638 724 690 lingua
751 637 928 673 letterale
956 637 1071 672 Slava
1090 648 1109 671 e
1128 637 1323 671 necessita
1340 637 1377 670 di
1396 636 1643 671 conservarla
1667 637 1730 671 nei
1755 637 1842 671 libri

34 685 148 732 sagri.
188 684 503 720 Considerazioni
541 685 610 719 che
638 696 670 719 Sl
695 684 879 718 umiliano
918 683 993 718 alla
1027 683 1181 718 Sam-,ita
1206 683 1244 716 di
1270 683 1313 716 N.
1342 683 1376 717 S.
1403 683 1476 716 PP.
1504 683 1723 718 Benedetto
1750 683 1842 717 XIV

34 732 83 766 da
108 731 255 766 Matheo
283 731 472 765 Caraman
497 732 760 766 Arcivescovo
784 731 822 764 di
838 731 937 764 Zara
964 730 1062 771 1753,
1084 729 1123 763 in
1143 729 1312 763 Archivo
1341 729 1375 763 S.
1403 729 1483 763 Con
1515 741 1593 775 reg.
1621 729 1842 776 Propagan-

33 778 104 813 dae
130 777 258 821 Fidei3
296 778 501 812 Assemani
526 777 688 812 Kalend.
717 777 817 812 Eccl.
850 777 958 812 Univ.
993 776 1033 809 F.
1060 776 1124 810 IV.
1149 775 1231 810 409.
1257 776 1340 819 410;
1384 774 1458 810 Cfr.
1504 775 1624 811 rinzel
1649 788 1681 810 o.
1709 787 1737 809 0.
1767 776 1842 811 168,

684 897 754 936 79.
795 897 911 935 1753
942 908 988 944 c.‚
1019 892 1198 935 Jadrae.

171 988 542 1041 Archiepiscopus
565 988 786 1030 Jadrensis
808 988 1054 1029 Matthaeus
1077 986 1297 1028 Karaman
1320 986 1374 1027 de
1397 988 1616 1027 conventu
1639 985 1840 1028 Fratrum

33 1057 168 1099 Tertii
201 1057 378 1099 Ordinis
412 1058 455 1098 S.
488 1058 709 1099 Francisci
745 1059 787 1098 ὃ.
815 1058 996 1099 Joannis
1028 1057 1252 1109 Baptistae
1285 1056 1327 1096 in
1361 1055 1585 1096 Suburbio
1620 1056 1840 1097 tladrensi:

177 1151 281 1200 „Hic
316 1150 510 1192 fidelium
545 1151 755 1192 charitate
798 1153 897 1192 octo
930 1151 996 1191 vel
1029 1150 1180 1191 decem
1225 1150 1422 1191 chorales
1454 1149 1642 1197 aluntur,
1693 1149 1840 1191 divina

33 1208 177 1250 officia
208 1209 294 1250 ritu
324 1209 460 1250 latino
493 1209 641 1262 lingua
674 1209 835 1263 illyrica
869 1209 1179 1250 celebrantes.“

171 1300 214 1334 G.
242 1300 564 1346 Ferrari-Cupilli‚
594 1300 727 1335 Ser-itti
753 1301 885 1335 storioi
913 1312 932 1334 e
958 1299 1142 1334 letterari.
1168 1298 1268 1333 Zara
1294 1298 1394 1341 1889,
1419 1298 1496 1332 274.

562 1432 633 1472 80.
666 1432 793 1481 1754,
826 1431 880 1471 15
913 1430 1111 1482 Auyusti,
1142 1428 1312 1470 Romae.

173 1523 436 1566 Constitutio
478 1522 705 1564 Benedicti
737 1524 785 1563 P.
817 1523 938 1571 xlv„
988 1536 1075 1576 qua
1108 1522 1411 1563 ecclesiasticis
1460 1521 1664 1562 omnibus
1714 1521 1841 1562 Ritus

33 1593 463 1647 Glagolito-Romani
506 1594 786 1646 praecipitur,
834 1596 880 1634 ut
914 1593 957 1634 in
988 1592 1129 1633 Missis
1165 1594 1208 1633 et
1238 1592 1404 1633 Divinis
1448 1591 1611 1633 Officiis
1660 1591 1837 1632 Slavum

33 1662 234 1705 Litterale
280 1663 446 1704 idioma
489 1676 588 1703 cum
632 1663 959 1705 characteribus
1001 1661 1355 1715 Hieronymianis
1398 1663 1566 1703 tanturn
1611 1661 1840 1711 retineant,

35 1736 74 1774 et
106 1732 367 1781 Missalibus,
414 1732 647 1774 Breviariis
681 1736 723 1773 et
755 1732 945 1774 Tabellis
978 1735 1157 1773 utantur
1191 1732 1300 1785 typis
1335 1731 1699 1783 Congregationis
1730 1730 1839 1771 Pro-

32 1802 262 1855 pagandae
295 1801 417 1842 Fidei
451 1802 600 1849 editis;
636 1815 734 1842 cum
768 1802 1067 1854 prohibitione
1097 1814 1200 1842 usus
1223 1801 1396 1853 linguae
1429 1800 1618 1841 slavicae
1650 1800 1840 1852 vulgaris

32 1872 75 1912 in
109 1871 314 1912 omnibus
346 1871 546 1924 partibus
580 1872 623 1912 S.
656 1872 825 1912 Missae.

170 1964 434 2005 Benedictus
475 1964 719 2018 Episcopus
759 1965 920 2006 Servus
964 1964 1200 2006 Servorum
1243 1964 1334 2004 Dei.
1378 1963 1447 2004 Ad
1489 1966 1747 2016 perpetuam
1778 1962 1838 2003 rei

35 2023 306 2064 memoriam.
354 2023 417 2063 Ex
444 2023 654 2075 pastorali
697 2036 891 2071 munere,
941 2036 1028 2075 quo
1070 2022 1263 2063 Romani
1307 2021 1541 2063 Pontifices
1585 2020 1838 2062 Catholicae

35 2083 244 2133 praesunt
275 2079 507 2130 Ecclesiae,
553 2093 738 2134 eamque
770 2081 1069 2128 moderantur,
1117 2082 1438 2120 consueverunt
1471 2079 1838 2119 Praedecessores

35 2137 182 2178 Nostri
213 2138 386 2190 vigilem
409 2151 570 2179 navare
604 2151 765 2185 curam,
799 2140 847 2179 ut
869 2139 911 2179 in
936 2137 1079 2178 Sacris
1111 2137 1384 2190 peragendis,
1417 2149 1519 2176 suos
1545 2149 1838 2188 unaquaeque

33 2194 162 2235 Natio
211 2195 400 2247 legitime
448 2197 642 2236 invectos
689 2196 816 2237 Ritus
863 2196 1064 2247 religiose
1110 2195 1341 2237 custodiat.
1391 2195 1573 2248 ejusque
1616 2194 1837 2234 idiomatis

34 2252 375 2294 uniformitatem
409 2254 605 2295 retineat.
658 2267 746 2306 quo
780 2254 892 2294 illius
924 2253 1164 2305 respective
1205 2253 1392 2305 Majores
1424 2252 1466 2292 in
1499 2251 1656 2291 Missae
1689 2251 1835 2291 Sacri-

32 2309 145 2358 ficio,
178 2310 433 2363 Divinisque
465 2310 630 2352 Officiis
663 2312 725 2352 uti
758 2311 1098 2363 dignoscuntur:
1132 2310 1417 2362 prohibentes
1446 2322 1498 2349 ne
1522 2309 1672 2361 quida
1694 2309 1837 2360 prisca

31 2367 190 2420 lingua,
222 2368 476 2420 vulgaribus
499 2369 598 2410 licet
620 2369 794 2409 dicendi
829 2368 1024 2410 formulis
1057 2368 1300 2415 immutata,
1336 2367 1604 2414 deflectatur,
1638 2378 1835 2407 omnem-

34 2437 118 2478 que
140 2426 400 2467 adhibentes
419 2439 612 2479 operam,
636 2430 682 2467 ut
702 2426 865 2468 abusus
888 2425 1231 2479 procedentibus
1253 2425 1526 2478 temporibus
1550 2423 1837 2464 inolescentes

35 2482 318 2524 eradicarent.

172 2541 210 2594 ξ.
247 2543 281 2582 1.
331 2540 441 2582 Cum
474 2542 622 2594 itaque
655 2554 706 2581 ex
738 2541 823 2581 fide
866 2542 1098 2593 dignorum
1142 2539 1392 2581 testimonio
1435 2538 1746 2591 acceperimus.
1796 2537 1837 2576 in

36 2597 187 2638 Ritum
221 2598 594 2646 Slavo-Latinum,
644 2612 774 2650 quem
808 2598 940 2639 felicis
972 2597 1290 2639 recordationis
1330 2596 1649 2636 praedecessor
1681 2594 1839 2635 Noster

38 2654 226 2697 Joannes
258 2656 379 2709 Papa
411 2656 517 2696 Vlll.
550 2656 668 2697 fideli
691 2669 741 2697 ac
764 2656 993 2707 religiosae
1026 2655 1201 2696 Nationi
1236 2655 1439 2707 illyricae.
1473 2667 1560 2694 una
1593 2666 1691 2693 cum
1728 2652 1837 2693 idio-

35 2715 162 2762 111310,
213 2717 333 2767 quod
380 2727 495 2755 nunc
544 2714 723 2755 Slavum
765 2714 947 2755 litterale
980 2713 1214 2766 appellant.
1265 2715 1305 2753 ot
1338 2711 1677 2752 characteribus.
1727 2722 1837 2761 quos

38 2769 403 2824 Hieronymianos
427 2772 589 2812 dicunt.
623 2771 924 2813 adhibendum
954 2771 1180 2812 concessit,
1215 2773 1256 2810 et
1278 2769 1532 2810 successivis
1566 2768 1837 2818 temporibus

37 2828 294 2870 recolendae
340 2829 576 2870 memoriae
616 2829 984 2870 praedecessores
1025 2829 1187 2880 pariter
1229 2826 1374 2867 Nostri
1411 2826 1609 2867 Urbanus
1642 2824 1747 2865 Vlll.
1797 2828 1837 2864 et

38 2884 316 2927 Innocentius
348 2887 410 2928 X..
459 2888 562 2927 dum
597 2887 781 2928 Missale.
830 2889 871 2927 et
902 2886 1169 2927 Breviarium
1215 2885 1370 2925 codem
1421 2884 1628 2924 idiomate
1661 2885 1703 2921 ct
1734 2883 1836 2921 ‹xlia-

39 2944 291 2991 racteribus,
336 2945 591 2985 excudenda
622 2945 734 2997 typis
766 2944 1054 2989 11311010111111,
1104 2942 1267 2983 iteratis
1300 2942 1468 2981 vicibus
1501 2942 1835 2982 confirmarunt:

41 3001 274 3043 nonnullos
295 3002 486 3055 irrepere
509 3002 684 3043 abusus,
714 3001 996 3055 Apostolicae
1031 2999 1155 3041 Sedis
1178 2999 1508 3041 intentionibus,
1543 2997 1836 3048 institutisque

39 3059 291 3105 contrarios.¹
334 3059 580 3112 perniciosa
612 3060 860 3111 aliquorum
893 3059 1105 3105 libertate,
1150 3057 1224 3109 qui
1257 3056 1419 3096 audent
1452 3055 1615 3095 Missas.
1666 3053 1836 3092 insertis

39 3111 320 3157 Orationibus
353 3120 393 3157 et
425 3117 629 3169 precibus
663 3117 793 3157 Slavo
828 3116 991 3166 vulgari
1015 3127 1217 3154 sermone
1251 3112 1520 3163 conscriptis.
1557 3123 1833 3160 componore.

39 3168 210 3213 Initium
252 3187 431 3226 quoquc
474 3174 694 3225 Evangelii
739 3174 979 3214 secundum
1025 3172 1251 3217 loannem,
1301 3174 1341 3209 ct
1377 3169 1596 3209 psalmum
1649 3167 1833 3207 Lavabo.

41 3228 191 3270 eadem
224 3231 390 3282 vulgari
423 3231 582 3283 lingua,
616 3231 848 3282 latinisque
882 3229 1207 3271 characteribus
1240 3228 1463 3279 impressa,
1499 3226 1613 3265 nulla
1647 3225 1836 3276 desuper
