2191 3434
584 308 1120 356 Glagolito-Romanae
1169 307 1302 342 XVII
1352 319 1387 342 s.
1797 311 1841 345 75

110 490 114 492 .
211 450 406 492 Summa
447 449 642 491 omnium
687 452 751 491 est
789 450 844 491 58
885 448 1255 503 presbyterorum,
1290 447 1339 490 11
1386 448 1656 491 clericorum.
1701 451 1820 492 Haec
1837 465 1888 492 ex

85 509 307 550 Matthaeo
334 507 551 559 ,Joanicio
585 508 832 557 Ivanovich,
878 507 1147 561 Spalatrensi
1190 507 1442 559 Poglizano,
1469 508 1594 562 jussu
1637 507 1786 549 Cosmi
1818 523 1886 550 ar-

87 566 356 620 chiepiscopi
390 566 673 619 Spalatensis,
708 566 782 620 qui
826 566 882 607 ad
916 566 1066 607 limina
1110 568 1152 606 et
1183 566 1267 606 alia
1312 566 1488 618 negotia
1535 566 1652 607 venit
1682 567 1885 617 Romam,

84 626 170 667 hoc
200 638 317 666 anno
354 624 461 665 1688
495 637 634 677 usque
668 625 724 665 ad
756 623 872 664 Junii
906 625 1068 664 mensis
1100 623 1246 664 finem.
1267 622 1295 677 ¹)

223 684 352 724 Anno
386 694 489 722 vero
522 682 706 723 Jubilaei
732 683 854 730 1700,
892 683 941 723 16
964 681 1125 734 Aprilis
1147 681 1343 723 Thomas
1366 681 1534 734 Bojich,
1585 682 1888 734 Traguriensis

85 740 325 794 presbyter,
358 753 457 781 cum
488 753 559 781 me
591 741 808 789 inviseret,
842 739 949 780 dixit
984 737 1071 795 [33]
1107 739 1302 781 Grohote
1335 739 1480 780 villam
1513 739 1677 781 habere
1709 741 1887 793 presby-

86 803 280 840 terorum
323 798 455 839 alium
499 798 543 838 in
576 799 675 839 villa
708 799 824 838 dicta
856 797 1078 839 Stomoria
1099 798 1409 851 (Stomorska),
1444 797 1517 851 qui
1551 801 1654 839 tunc
1684 802 1776 839 erat
1796 798 1888 839 An-

84 856 232 898 tonius
265 856 564 908 Pagliatovich
607 870 658 897 ex
698 855 931 908 Wragniza
976 852 1182 911 [Vranjic]
1229 856 1282 896 de
1339 856 1514 902 Salona,
1553 856 1743 897 dioecesi
1776 857 1889 909 Spa-

87 915 257 963 latensi,
304 915 415 955 sicut
457 914 500 955 in
548 927 598 955 ea
648 914 880 967 Wragniza
922 922 1014 954 erat
1058 913 1264 954 Nicolaus
1307 913 1456 954 Lalich
1498 927 1550 954 ex
1589 915 1745 955 eodem
1791 915 1889 955 loco

86 977 275 1021 curatus,
329 973 462 1013 alium
514 972 681 1013 habens
729 973 1027 1025 presbyterum
1077 972 1319 1012 Antonium
1367 972 1655 1013 Mattasovicii
1702 973 1745 1013 in
1791 973 1891 1014 villa

87 1030 309 1079 Stobrecz,
351 1030 573 1071 Johannes
618 1030 787 1071 Bubich
832 1033 1007 1070 curatus
1051 1042 1102 1070 ex
1142 1029 1388 1083 Wragniza.
1434 1030 1679 1072 Podstrane
1710 1031 1738 1072 4
1768 1031 1890 1071 villas

89 1089 266 1137 habere,
301 1089 460 1142 quibus
494 1101 606 1129 unus
640 1091 682 1129 et
714 1088 827 1129 idem
862 1089 1101 1141 presbyter.

224 1179 429 1215 Musaeum
443 1179 680 1226 Borgianum
695 1179 742 1214 de
757 1179 1014 1226 Propaganda
1038 1179 1144 1222 Fide,
1154 1179 1224 1214 Ms.
1237 1179 1424 1226 originale
1437 1179 1602 1215 joannis
1617 1180 1784 1215 Pastric:
1812 1181 1892 1225 „De

86 1226 269 1270 Missalis‚
294 1226 485 1261 Breviarii
509 1226 654 1272 Illyrici
679 1225 845 1261 Romani
871 1232 910 1260 et
935 1226 1120 1260 similium
1137 1225 1355 1260 divinorum
1382 1225 1599 1261 officiorum
1625 1227 1785 1273 origine,
1804 1227 1891 1261 cha-

87 1278 248 1317 ractere,
275 1273 578 1315 continuatione,
604 1272 825 1318 scriptione,
851 1273 1118 1318 impressione,
1155 1283 1230 1306 usu
1257 1276 1296 1307 et,
1320 1272 1415 1307 locis
1442 1284 1486 1307 ac
1511 1274 1624 1307 modo
1651 1273 1893 1320 intelligendi

85 1320 230 1366 scripta
255 1326 294 1354 et
317 1319 517 1366 impressa,
543 1318 749 1364 officiaque
775 1331 876 1353 nova
903 1319 1104 1353 scribendi.
1133 1318 1240 1364 Opus
1267 1319 1306 1353 in
1331 1319 1499 1365 gratiam
1525 1324 1564 1354 et,
1590 1320 1717 1363 decus,
1744 1320 1889 1354 utilita-

86 1370 166 1401 tem
203 1371 287 1400 tum
311 1365 486 1400 Nationis
522 1365 701 1411 Illyricae
740 1365 779 1399 in
805 1365 1013 1408 Dalmatia,
1048 1369 1131 1399 tum
1165 1376 1318 1410 quoque
1353 1365 1444 1400 cleri
1483 1365 1766 1412 Glagoli‘carum
1805 1378 1892 1400 con-

87 1413 285 1447 cinnatum
309 1424 332 1446 a
354 1412 508 1447 Joanne
540 1411 726 1446 Pastritio
764 1411 946 1446 Dalmata
984 1411 1215 1457 Spalatensi,
1239 1411 1508 1457 philosophiae
1540 1424 1585 1446 ac
1610 1424 1743 1447 sacrae
1768 1412 1893 1447 Theo-

85 1458 213 1505 logiae
238 1459 396 1493 doctore
422 1463 461 1493 et
485 1459 525 1492 in
543 1458 716 1504 Collegio
735 1458 782 1492 de
801 1458 1058 1504 propaganda
1077 1457 1168 1492 Fide
1188 1457 1327 1492 Sacrae
1343 1458 1565 1505 theologiae
1591 1458 1803 1505 polemicae
1823 1470 1893 1493 seu

87 1505 330 1551 dogmaticae
354 1505 510 1547 lectore,
537 1504 734 1539 incoatum
761 1504 807 1538 ab
835 1516 935 1539 anno
963 1504 1052 1538 1688
1078 1504 1178 1538 circa
1203 1503 1328 1538 finem.
1347 1503 1507 1539 Lettera
1533 1504 1576 1540 N.
1603 1505 1711 1539 Filza
1737 1505 1799 1539 VI.
1828 1505 1892 1539 Nr.

87 1551 119 1586 3.
146 1550 218 1586 Ofr.
243 1551 367 1597 Jagie',
395 1550 628 1598 Glagolitica
652 1550 702 1594 II,
728 1549 1033 1586 Denkschriften
1058 1550 1126 1585 der
1149 1550 1244 1585 kais.
1270 1550 1484 1586 Akademie
1511 1551 1578 1586 der
1603 1549 1892 1586 XVissenschaf—

87 1601 164 1642 ten,
188 1597 578 1645 philos-historische
605 1597 740 1633 classe.
765 1597 877 1633 Band
901 1596 1109 1632 XXXVIII
1125 1596 1258 1642 (1890),
1281 1596 1324 1631 59
1350 1608 1401 1632 ss.

710 1739 811 1779 245.
845 1736 996 1780 XVII
1021 1751 1069 1789 s.,
1101 1737 1272 1780 Romae.

229 1831 554 1873 Testimonium
601 1831 819 1873 Francisci
868 1831 938 1873 del
985 1831 1106 1873 Sodo
1156 1831 1209 1873 de
1255 1832 1413 1873 sacello
1461 1834 1704 1874 restaurato
1753 1835 1794 1874 et
1840 1833 1894 1875 de

93 1913 278 1955 corpore
312 1901 357 1943 S.
390 1900 536 1956 Cyrilli
568 1902 611 1943 in
644 1901 825 1943 basilica
857 1914 1040 1943 romana
1073 1901 1116 1943 S.
1152 1901 1402 1943 Clementis.

233 1994 515 2045 „Franciscus
559 1994 628 2035 del
662 1993 782 2036 Sodo
815 2007 892 2035 ms.
928 1993 1039 2035 Cod.
1072 1994 1298 2042 Vaticano,
1346 1994 1420 2047 qui
1453 2007 1532 2036 sua
1572 1996 1714 2036 aetate
1738 1995 1894 2037 Sancti

95 2051 238 2105 Cyrilli
285 2052 492 2094 sacellum
525 2065 576 2093 ex
610 2052 790 2094 dextero
832 2053 968 2094 latere
998 2052 1211 2094 Basilicae
1243 2053 1300 2094 ad
1331 2052 1668 2106 ingredientium
1702 2057 1894 2095 erectum

89 2110 220 2152 fuisse
252 2110 397 2160 tradit,
430 2111 579 2164 ibique
612 2124 773 2164 corpus
806 2111 898 2165 ejus
930 2111 1247 2164 requiescere.“

228 2201 296 2236 Ph.
323 2201 544 2246 Rondinini,
569 2202 738 2238 Basilica
763 2202 797 2237 S.
817 2202 1040 2247 Clementis,
1064 2203 1171 2247 1707;
1199 2201 1265 2237 cfr.
1291 2202 1493 2246 Bartolini,
1520 2203 1707 2238 Memorie
1735 2203 1896 2238 storico-

93 2247 388 2300 archeologiche
414 2248 475 2283 dei
502 2248 611 2284 Santi
637 2248 765 2284 Ciriflo
792 2260 813 2284 e
838 2249 1022 2293 Metodio,
1047 2248 1173 2284 Roma
1199 2249 1298 2293 1881,
1325 2248 1401 2284 188.

575 2391 677 2431 246.
713 2388 866 2431 XVII
889 2403 937 2440 s.,
972 2388 1092 2432 Slavi
1124 2389 1418 2433 meridionali.

233 2482 413 2524 Joannis
436 2483 608 2524 Palazzi
630 2483 724 2525 Itali
748 2483 801 2524 de
824 2483 1014 2525 alfabeto
1044 2483 1280 2538 Cyrilliano
1304 2497 1354 2525 ac
1376 2484 1607 2532 sententia,
1641 2484 1896 2536 Glagolitico

99 2552 141 2592 et
162 2550 217 2592 de
238 2564 321 2593 usu
355 2551 514 2605 vigenti
545 2552 746 2605 liturgiae
778 2552 1251 2606 Glagolito-Romanae
1273 2553 1392 2607 apud
1416 2553 1570 2595 Slavos
1595 2553 1897 2595 Occidentales

97 2620 408 2662 testimonium.

237 2714 294 2764 „E
328 2713 385 2755 da
416 2727 569 2767 sapere
602 2714 682 2756 che
715 2717 789 2768 qui
821 2715 962 2757 Illirici
994 2714 1158 2768 popoli,
1182 2728 1206 2755 0
1227 2728 1330 2756 vero
1365 2715 1599 2757 Schiavoni
1632 2715 1778 2757 hanno
1814 2716 1898 2756 duc

95 2769 200 2812 sorti
233 2771 274 2813 d’
296 2771 485 2822 alfabeti,
519 2776 560 2813 et
593 2772 734 2826 quelle
766 2773 1010 2823 Provincie,
1042 2774 1080 2814 le
1113 2773 1231 2826 quali
1262 2786 1373 2814 sono
1407 2774 1482 2825 piu
1515 2786 1640 2814 verso
1674 2774 1698 2814 1⁷
1720 2774 1897 2814 Oriente

96 2827 130 2868 si
163 2841 350 2871 servono
383 2830 427 2870 di
459 2830 604 2883 quello
639 2830 717 2872 che
741 2833 764 2871 e
786 2831 925 2872 simile
957 2831 996 2872 al
1031 2831 1183 2880 Greco,
1217 2830 1285 2871 del
1317 2832 1444 2884 quale
1468 2832 1511 2871 su
1533 2834 1687 2872 autore
1736 2830 1896 2877 (ἰὴ-1110,

97 2887 140 2926 et
170 2885 213 2927 di
245 2890 321 2940 qui
351 2887 393 2929 lo
426 2888 657 2930 chiamano
692 2888 966 2939 Chiurilizza,
999 2889 1023 2929 l'
1045 2889 1152 2930 altre
1186 2888 1428 2937 Provincie,
1462 2888 1499 2929 le
1534 2889 1649 2942 quali
1683 2902 1792 2929 sono
1824 2889 1897 2941 piu

239 3061 264 3102 ¹)
292 3059 524 3106 Cabalogum
550 3060 801 3095 ecclesiarum
827 3059 1139 3107 glagoliticarum
1174 3059 1415 3105 Spalatensis
1442 3060 1664 3094 dioeceseos
1691 3059 1899 3103 Hierogra-

99 3103 189 3184 phia
213 3105 335 3140 totius
361 3106 585 3141 dioeceseos
611 3107 658 3141 ab
686 3106 975 3152 archiepiscopo
1013 3105 1210 3151 Stephano
1248 3106 1378 3140 Cosmi
1413 3110 1501 3139 autc
1529 3117 1671 3139 annum
1700 3107 1786 3137 1553·
1813 3116 1900 3138 con-

117 3153 202 3185 ecta
225 3151 442 3197 dependere
467 3156 586 3198 patet,
625 3153 818 3198 quomodo
844 3153 921 3186 iam
942 3152 979 3185 in
1004 3152 1251 3197 praecedenti
1266 3151 1308 3186 N.
1329 3152 1407 3193 225,
1422 3164 1454 3196 p.
1484 3152 1527 3184 <52
1552 3164 1587 3184 n.
1616 3152 1632 3183 1
1662 3151 1900 3185 animadver-

99 3206 184 3231 sum
212 3201 293 3242 est,
319 3198 385 3233 ubi
411 3198 457 3233 de
482 3198 578 3244 ipsis
604 3197 730 3234 fusius
749 3202 879 3233 actum
906 3201 975 3232 est.
