2243 3444
383 301 426 335 26
989 298 1161 332 Fontes
1190 297 1435 341 Liturgiae

337 446 540 494 ipsosque
575 455 774 482 romanos
809 442 1032 492 pontifices
1074 441 1188 480 omni
1229 444 1371 487 aetate,
1407 441 1635 480 novissime
1667 452 1769 480 vero
1813 443 1978 480 sanctae
2013 452 2098 479 me-

337 504 493 543 moriae
529 503 645 541 Pium
669 502 747 548 Vl„
774 502 812 539 in
846 499 1097 539 recudendo
1133 499 1338 538 breviario
1364 497 1511 538 illirico
1538 511 1734 549 magnam
1758 500 1865 539 aeris
1890 511 2097 539 summam

337 574 550 611 erogasse.
586 562 775 600 Fatemur
804 559 986 606 tandem,
1021 556 1182 597 nullum
1208 558 1461 608 episcopum
1487 559 1628 598 minus
1649 570 1750 598 vero
1775 558 2098 598 subordinatum

336 620 492 660 clerum
529 620 684 659 idioma
728 617 981 667 liturgicum,
1029 617 1079 656 ab
1115 615 1349 667 apostolica
1393 617 1496 656 sede
1530 618 1733 657 sancitum
1779 630 1827 657 ac
1872 618 2128 669 inveterato,

336 683 639 725 conservatum,
675 690 752 717 usu
786 675 932 716 tollere
967 675 1167 726 aliudque
1201 676 1453 715 substituere
1487 688 1629 726 posse.
1665 676 1818 716 Datum
1843 675 2022 726 Segniae
2047 687 2098 715 ex

336 739 448 777 curia
482 743 620 777 nostra
656 734 886 786 episcopali
922 736 999 774 hac
1022 736 1089 774 die
1129 737 1177 774 12
1213 736 1370 774 mensis
1395 735 1598 774 Octobris
1622 747 1732 774 anno
1755 736 1877 775 1803.
1912 736 2097 786 Joannes

335 798 510 847 Baptista
554 797 783 845 episcopus
829 795 898 844 qui
934 807 1072 844 supra.
1118 794 1181 833 Ad
1229 794 1469 833 mandatum
1511 787 1773 834 illustrissimi
1809 806 1861 833 ac
1904 805 2097 834 reveren-

336 856 493 895 dissimi
530 856 653 905 patris
688 854 847 893 domini
882 854 1074 903 episcopi
1110 851 1338 893 Stanislaus
1375 853 1500 892 Otaif.

476 947 551 983 Rad
579 946 766 989 Jugoslav.
788 945 1015 989 AkademiJe,
1044 945 1143 987 LVII,
1174 946 1239 981 179
1268 955 1295 980 s.

453 1092 520 1130 14.
561 1090 696 1139 1803,
730 1091 759 1130 5
778 1087 1017 1130 Decembri
1053 1111 1096 1117 -
1139 1088 1276 1138 1804,
1314 1089 1375 1130 IO
1395 1087 1642 1137 Februarii,
1686 1086 1990 1130 Vindobonae.

474 1187 512 1225 ln
554 1185 762 1235 Supremo
801 1182 995 1224 Consilio
1043 1182 1231 1234 lmperali
1265 1182 1591 1223 Vindobonensi
1638 1181 1841 1223 resolutio
1884 1183 1988 1223 facta
2037 1187 2098 1223 est

334 1257 384 1296 de
411 1256 662 1295 restituenda
697 1254 859 1305 liturgia
885 1253 1326 1304 Glagolito-Romana
1366 1256 1529 1295 Lossini
1564 1255 1756 1302 Maioris3
1793 1255 2096 1304 decretumque

334 1326 565 1366 universale
601 1330 827 1373 emanatur,
863 1338 950 1376 quo
986 1330 1134 1365 cuncta
1168 1326 1220 1365 ad
1255 1329 1402 1365 statum
1437 1327 1530 1365 anni
1571 1327 1679 1365 1796
1714 1326 1753 1364 in
1795 1325 1923 1365 rebus
1963 1323 2097 1364 eccle-

333 1399 506 1437 siasticis
541 1402 578 1437 et
610 1396 812 1447 liturgicis
844 1402 1120 1447 reponantur;
1157 1401 1194 1436 et
1226 1395 1338 1436 nulla
1372 1397 1411 1436 in
1437 1401 1654 1446 posterum
1680 1397 1910 1435 immutatio
1935 1396 2097 1445 absque

333 1468 534 1519 imperiali
571 1469 741 1508 decreto
776 1469 855 1507 fiat.

476 1541 659 1579 Persona
707 1537 1015 1578 confidentialis
1056 1538 1262 1588 Segnensi
1313 1539 1521 1588 episcopo
1563 1539 1704 1577 Ioanni
1745 1538 1948 1588 Baptistae
1988 1536 2097 1588 Jesic

339 1614 398 1650 15.
427 1611 678 1649 Decembris
719 1611 825 1650 1803
860 1610 1085 1659 significat:

477 1694 582 1741 „Res
617 1693 947 1732 Lossiniensium
972 1693 1022 1731 ita
1048 1692 1251 1741 dirigitur,
1288 1696 1329 1731 ut
1353 1692 1568 1731 decretum
1594 1690 1826 1731 universale
1861 1694 2096 1731 emanatum

332 1753 393 1797 sit,
428 1764 513 1801 quo
549 1756 696 1791 cuncta
731 1752 782 1790 ad
817 1755 965 1791 statum
1001 1752 1094 1790 anni
1136 1752 1243 1791 1796
1278 1752 1317 1790 in
1353 1751 1480 1790 rebus
1515 1749 1810 1790 ecclesiasticis
1832 1754 1871 1790 et
1893 1748 2095 1799 liturgicis

332 1812 522 1850 usitatum
558 1815 827 1861 reponantur,
863 1815 901 1850 et
934 1809 1045 1850 nulla
1080 1811 1119 1849 in
1154 1815 1371 1860 posterum
1406 1810 1568 1860 absque
1603 1821 1805 1860 supremo
1840 1821 1940 1848 suae
1971 1809 2097 1858 maje-

331 1871 441 1909 statis
476 1870 645 1909 decreto
680 1871 747 1909 fiat
781 1870 1031 1918 immutatio;
1067 1870 1196 1919 idque
1219 1869 1332 1917 ideo,
1368 1870 1464 1918 quia
1499 1870 1542 1911 R.
1569 1868 1607 1908 S.
1633 1881 1757 1908 secus
1791 1881 1878 1908 rem
1913 1869 2020 1907 hanc
2044 1867 2096 1906 ad

332 1929 583 1975 gubernium
618 1941 695 1979 pro
731 1929 1026 1968 informatione
1067 1929 1274 1967 remittere
1315 1928 1550 1967 debuisset:
1595 1932 1634 1967 et
1666 1940 1762 1966 cum
1797 1926 1899 1967 illud
1933 1930 2096 1966 contra-

333 1988 435 2026 rium
469 1989 549 2038 jam
576 1988 766 2027 dedisset
790 1989 1021 2035 decretum,
1047 1988 1296 2038 opinionem
1321 1991 1412 2026 actu
1438 1999 1556 2026 suam
1581 1985 1766 2034 alterare,
1792 1990 1830 2025 et
1853 1987 1950 2026 huic
1973 1986 2092 2025 etiarn

332 2047 485 2086 directe
521 2048 761 2087 contrariari
797 2059 882 2086 non
918 2048 1136 2096 potuisset.
1173 2047 1289 2086 l-laec
1323 2047 1402 2086 sub
1437 2058 1533 2085 rosa
1557 2050 1595 2085 et
1618 2046 1675 2085 tui
1701 2044 1834 2085 solius
1853 2046 1980 2095 gratia
2003 2045 2092 2084 fieri

332 2107 510 2155 capias.“

472 2165 549 2204 Die
584 2178 687 2204 vero
728 2167 790 2205 10.
817 2165 1028 2204 Februarii
1059 2166 1166 2204 1804
1202 2165 1367 2204 iterum:

475 2223 714 2272 „Resolutio
750 2225 858 2263 circa
883 2225 1174 2264 Lossinienses
1207 2224 1288 2274 jam
1323 2224 1538 2262 emanavit.
1586 2222 1670 2262 Sed
1717 2222 1918 2269 instantia,
1966 2233 2092 2271 quam

332 2282 390 2320 dr.
427 2283 479 2321 tit.
527 2284 718 2333 episcopi
759 2281 999 2333 Vegliensis
1043 2284 1215 2322 nomine
1262 2280 1429 2321 illorum
1473 2282 1668 2329 extendit,
1709 2280 1861 2321 alicubi
1903 2280 2091 2330 deperiit.

333 2342 439 2379 Hinc
472 2354 546 2380 sua
590 2340 833 2381 excellentia
866 2341 987 2381 valde
1022 2343 1148 2392 cupit,
1184 2346 1226 2380 ut
1259 2342 1426 2391 copiam
1460 2341 1586 2391 hujus
1626 2341 1870 2380 documenti
1916 2342 2095 2390 quanto-

332 2412 432 2450 cyus
475 2401 642 2448 habeat3
690 2402 822 2451 quod,
867 2402 1041 2440 obtento
1083 2401 1276 2450 gubernii
1318 2400 1514 2450 jadertini
1557 2412 1683 2450 supra
1732 2400 1813 2450 jam
1863 2401 2094 2438 emanatam

332 2457 630 2499 resolutionem
666 2458 905 2499 altissimam
940 2472 1166 2510 responso,
1202 2472 1324 2499 usum
1359 2457 1468 2498 illius
1497 2459 1782 2498 necessarium
1806 2459 1911 2497 forte
1935 2457 2092 2496 habere

333 2522 487 2566 posset.
515 2519 852 2558 Informationem
875 2523 1011 2558 autem
1037 2531 1132 2558 cum
1156 2519 1282 2558 nobis
1302 2519 1382 2568 jam
1406 2530 1505 2568 prae
1526 2518 1719 2557 manibus
1742 2518 1880 2565 habet,
1906 2516 2092 2566 ideoque

332 2577 434 2614 haec
468 2577 638 2616 minime
674 2576 946 2627 postulatur.“

472 2656 548 2691 Rad
575 2656 763 2698 Jugoslav.
784 2656 1015 2701 Akademije,
1043 2657 1143 2698 LVII,
1173 2657 1234 2691 181
1266 2667 1295 2691 s.

844 2802 915 2841 15.
948 2800 1083 2850 1804,
1122 2800 1180 2841 16
1202 2798 1383 2852 Αρνίἰίε,
1426 2797 1601 2852 Veglae.

472 2905 707 2954 Episcopus
742 2904 966 2955 Veglensis
998 2907 1182 2956 joannes
1205 2906 1412 2947 Antonius
1436 2896 1561 2944 Sintic'
1584 2905 1861 2944 Lossinenses
1885 2904 2093 2944 mediante

333 2974 513 3013 Antonio
530 2976 743 3023 Ragusino
768 2989 916 3016 eorum
934 2984 1103 3016 causam
1124 2977 1176 3016 de
1197 2975 1360 3025 liturgia
1380 2974 1793 3025 glagolito-Romana
1809 2975 2093 3015 Vindobonae

333 3045 474 3089 agitari
511 3046 710 3085 certiores
745 3047 893 3095 reddit,
929 3048 1282 3086 animadvertens:

477 3139 541 3186 „L’
563 3151 663 3178 osso
699 3139 719 3178 e
755 3141 882 3188 duro;
922 3144 1023 3180 tutto
1059 3139 1218 3191 quello,
1259 3141 1336 3180 che
1377 3141 1463 3190 puo
1506 3139 1604 3179 dare
1648 3140 1688 3178 di
1732 3138 1803 3189 piu
1847 3139 2006 3189 grande
2052 3139 2092 3177 in

332 3195 516 3239 autorita,
538 3198 576 3235 di
597 3196 666 3246 piu
691 3198 793 3237 torte
818 3200 856 3237 in
882 3204 1060 3249 potenza
1080 3198 1115 3238 la
1136 3198 1362 3247 Dalmazia,
1387 3197 1412 3237 l'
1429 3198 1627 3237 abbiamo
1652 3202 1800 3237 contro
1812 3198 1852 3237 di
1877 3199 1992 3245 noi“;
2012 3197 2092 3237 sed

2218 2933 2219 2939 ⁴
2217 2735 2226 2901 ᾼΞᾼᾉῌ-ᾼᾸ
2227 2689 2229 2692 ¹
2220 2645 2221 2654 c
2220 2583 2221 2592 c

2207 3159 2219 3280 -q-D-—m
