2243 3444
362 309 406 342 14
959 306 1144 341 Fontes
1192 306 1456 352 Liturgiae

323 448 656 490 ecclesiasticam
689 447 1014 495 restituendam,
1059 449 1099 487 et
1142 446 1413 487 Christianae
1452 445 1592 498 plebis
1624 459 1767 488 mores
1799 446 2104 499 consigendos,

317 507 568 558 cultumque
614 506 805 546 divinum
854 505 1116 556 angendum,
1163 507 1254 544 tum
1296 516 1398 544 vero
1440 506 1585 544 actum
1633 506 1697 544 est
1743 504 1797 544 de
1844 505 2105 546 recudendis

318 563 437 604 libris
469 563 674 615 liturgicis
706 562 959 611 Slavonicis,
993 574 1179 614 quorum
1212 561 1320 602 mira
1351 561 1549 613 paucitas
1582 564 1694 609 erat;
1727 574 1828 602 nam
1861 574 1973 614 quos
1997 565 2105 610 ‚ante

318 634 456 662 annos
489 620 574 661 fere
607 620 826 672 octoginta
859 620 900 659 in
935 619 1099 671 oppido
1133 618 1176 659 S.
1211 618 1294 658 Viti
1327 618 1551 659 cudendos
1583 622 1808 660 curaverat
1838 618 2026 660 Joannes
2050 618 2103 660 VI

318 678 371 718 de
404 678 599 718 Dominis
642 678 882 730 Episcopus
929 676 1162 725 Seniensis,
1205 688 1280 716 eos
1322 688 1478 727 magna
1526 688 1578 716 ex
1619 679 1742 728 parte
1773 678 1966 718 vetustas
1997 689 2103 718 con-

317 738 569 787 sampserat,
602 735 666 775 vel
699 737 813 775 certe
860 734 1090 786 pauciores
1132 735 1267 782 erant,
1310 746 1441 786 quam
1480 733 1715 774 necessitas
1746 734 2009 785 postulabat.
2050 732 2102 775 Id

319 793 480 844 negotii
533 793 682 833 datum
733 792 812 832 fuit
862 791 908 831 Ρ.
956 791 1186 832 Francisco
1235 790 1504 831 Glavinichio
1552 791 1842 831 Franciscano
1888 791 2104 843 rigidioris

320 850 572 902 disciplinae
593 873 648 878 —
670 852 716 890 ut
738 852 930 889 vetustos
963 851 1005 889 et
1036 861 1167 901 quam
1202 847 1581 888 emendatissimos
1613 849 1787 889 codices
1828 849 2105 902 conquireret

320 907 374 948 ad
407 920 594 960 quorum
637 906 856 959 exemplar
901 918 1016 947 nova
1055 906 1291 960 hijusmodi
1324 905 1535 946 librorum
1578 905 1710 946 editio
1744 905 2103 947 conformaretur.

319 964 400 1005 Hic
435 963 600 1005 Graecii
636 977 731 1004 cum
766 966 890 1009 esset,
924 964 1035 1004 duos
1068 963 1240 1004 codices
1272 963 1445 1015 reperit,
1493 963 1675 1004 alterum
1709 962 1964 1016 Cyrillianis,
1997 963 2104 1004 alte-

318 1035 410 1062 rum
437 1021 712 1074 Glagoliticis,
745 1034 854 1074 quos
877 1021 1239 1073 Hieronymianos
1261 1023 1431 1069 vocant,
1465 1020 1790 1061 characteribus
1811 1021 2105 1074 conscriptum

324 1103 370 1108 —
406 1079 518 1119 Dum
550 1092 651 1120 vero
685 1079 873 1120 Joannes
915 1078 1112 1130 Baptista
1151 1077 1394 1131 Episcopus
1438 1077 1479 1117 in
1516 1090 1627 1127 eum,
1675 1091 1807 1131 quam
1840 1078 1940 1127 dixi,
1988 1078 2106 1130 cogi-

322 1136 532 1177 tationem
565 1149 800 1189 curamque
832 1136 1029 1187 liturgiae
1063 1135 1318 1176 Slavonicae
1340 1135 1451 1188 typis
1474 1135 1798 1187 consignandae
1820 1135 2105 1185 incumberet,

319 1193 510 1246 episcopi
544 1194 769 1234 consilium
803 1196 1097 1246 conatumque
1129 1193 1318 1234 Joannes
1347 1193 1524 1233 Toncus
1555 1193 1847 1241 Marnavitius,
1896 1193 1970 1246 qui
2001 1196 2105 1234 tunc

318 1251 486 1292 Romae
519 1251 783 1299 versabatur,
817 1251 983 1303 fuitque
1016 1251 1259 1303 Episcopus
1291 1250 1540 1296 Bosnensis,
1562 1251 1785 1302 praeclare
1816 1252 1934 1303 apud
1965 1250 2106 1292 Urba-

318 1321 421 1349 num
444 1307 539 1349 VIII
562 1309 741 1363 adjuvit.
774 1308 973 1349 Pontifex
995 1308 1211 1361 siquidem
1244 1311 1336 1348 tum
1359 1307 1601 1349 Marnavitii
1625 1308 1816 1356 hortatu,
1838 1310 1932 1349 tum
1953 1308 2106 1349 litteris

319 1366 520 1418 Epsicopi
555 1366 775 1407 Seniensis
809 1366 1031 1418 impulsus,
1066 1365 1238 1406 Missale
1271 1368 1313 1405 et
1344 1364 1610 1406 Breviarium
1645 1364 1937 1413 Slavonicum,
1985 1365 2106 1419 quod

320 1423 363 1463 F.
398 1423 592 1475 Raphael
626 1423 966 1464 Levacovichius
998 1436 1020 1463 e
1051 1423 1212 1464 familia
1244 1423 1545 1472 Franciscana,
1581 1436 1712 1475 quam
1745 1423 1934 1464 maxima
1963 1422 2108 1476 potuit

316 1493 418 1520 cura
441 1493 490 1521 ac
513 1481 733 1533 diligentia
765 1480 1084 1529 emendaverat,
1119 1494 1253 1533 opera
1275 1484 1316 1520 et
1340 1481 1538 1532 impensa
1561 1480 1721 1522 Sacrae
1745 1480 2107 1533 Congregationis

316 1538 369 1578 de
402 1538 694 1591 Propaganda
725 1538 810 1579 fide
841 1539 1044 1579 Romana
1076 1539 1186 1590 typis
1219 1538 1428 1579 committi
1459 1538 1613 1591 jussit..

453 1616 606 1659 Farlati,
631 1616 829 1662 Illyricum
855 1616 1014 1651 Sacrum
1038 1616 1103 1659 IV,
1132 1616 1196 1651 138
1221 1628 1250 1652 s.

732 1734 797 1773 45.
831 1734 957 1783 1625,
990 1736 1087 1774 ante
1116 1734 1178 1773 27
1211 1731 1474 1786 Septembris,
1506 1732 1684 1774 Jadrae.

455 1812 657 1854 Octavius
689 1813 926 1855 Garzadori
959 1814 1313 1866 archiepiscopus
1345 1813 1565 1855 Jadrensis
1597 1827 1648 1854 ac
1680 1813 1884 1855 Visitator
1914 1814 2108 1867 Aposto—

318 1880 425 1921 licus
456 1882 706 1932 provinciae
747 1882 1001 1930 Dalmatiae,
1045 1881 1084 1923 S.
1135 1882 1529 1934 Congregationem
1572 1882 1625 1923 de
1665 1882 1957 1935 Propaganda
2002 1882 2108 1923 Fide

319 1949 528 1990 relatione
574 1950 747 1991 duobus
789 1951 957 2002 magnis
1002 1951 1298 1991 voluminibus
1330 1951 1374 1991 in
1416 1951 1533 1999 folio,
1581 1963 1768 2003 quorum
1800 1950 1908 1992 alter
1936 1953 2110 2004 praeter

321 2017 495 2058 millena
528 2031 624 2059 cum
658 2019 986 2071 quadringentis
1027 2019 1128 2060 folia
1170 2019 1466 2071 complecitur,
1508 2019 1561 2059 de
1602 2022 1717 2059 statu
1761 2019 1976 2060 Ecclesiae
2009 2018 2109 2060 Dal-

324 2086 507 2126 maticae
540 2087 581 2127 in
618 2100 785 2139 genere,
829 2101 877 2129 ac
911 2089 965 2129 de
1005 2101 1086 2129 usu
1125 2088 1346 2129 communi
1382 2088 1599 2140 Liturgiae
1644 2087 2111 2140 Glagolito-Romanae

322 2153 365 2193 in
399 2155 550 2196 eadem
581 2157 805 2208 provincia
835 2157 995 2209 vigenti
1027 2157 1252 2198 certiorem
1285 2157 1443 2198 reddit.

456 2233 667 2268 Archivum
708 2235 742 2269 S.
769 2235 907 2281 Congr.
933 2235 979 2270 de
1004 2235 1260 2286 Propaganda
1291 2235 1396 2278 Fide,
1433 2235 1503 2270 Ms.
1530 2234 1682 2269 Relatio
1709 2235 1932 2270 authentica
1957 2234 2110 2270 Octavii

322 2278 529 2312 Garzadori
554 2280 774 2315 Visitatoris
800 2281 1014 2327 Apostolici
1038 2282 1259 2326 provinciae
1292 2281 1521 2323 Dalmatiae,
1557 2281 1665 2315 cuius
1691 2281 1718 2315 1.
1745 2281 1890 2325 Officio,
1917 2281 1998 2316 Ime
2026 2280 2107 2316 Slo-

320 2324 462 2368 vjenim
500 2325 511 2357 i
548 2325 622 2369 nir,
661 2327 797 2361 Prilozi
834 2327 1000 2371 (Starine
1037 2327 1180 2369 XVIII,
1219 2327 1298 2370 163)
1337 2327 1520 2369 meminit,
1557 2326 1718 2362 scorsim
1754 2327 1984 2372 publicanda.
2021 2327 2106 2369 erit,

321 2374 476 2414 propter
500 2371 656 2405 nimiam
682 2372 971 2417 amplitudinem
997 2373 1191 2407 materiae.
1229 2373 1288 2407 De
1318 2373 1546 2407 visitatione
1571 2374 1605 2406 A
1635 2372 1797 2407 ostolica
1823 2372 2109 2408 Garzadoriana

322 2420 442 2460 agunt
466 2416 620 2461 Parlati‚
646 2418 843 2463 Illyricum
870 2419 1027 2453 Sacrum
1046 2419 1114 2461 ΙΙΙ,
1140 2419 1227 2462 5023
1253 2418 1430 2461 Theiner,
1455 2418 1557 2453 Mon.
1578 2418 1601 2453 S
1620 2430 1781 2453 avorum
1804 2418 1937 2453 Merid.
1962 2418 2012 2463 H,
2032 2418 2108 2452 122.

802 2536 871 2574 46.
913 2535 1040 2584 1625,
1071 2535 1134 2575 27
1165 2533 1430 2586 Septembris,
1461 2533 1628 2576 Romae.

459 2613 497 2653 S.
532 2613 819 2666 Congregatio
854 2615 907 2655 de
930 2615 1222 2667 Propaganda
1245 2614 1363 2663 Fide,
1387 2627 1523 2668 quum
1547 2628 1598 2655 ex
1620 2615 1830 2656 relatione
1864 2614 2106 2655 Visitatoris

321 2681 560 2733 Apostolici
593 2683 635 2722 in
669 2683 883 2725 Dalmatia
914 2684 1232 2737 archiepiscopi
1274 2684 1494 2726 Jadrensis
1528 2684 1696 2726 Octavii
1730 2684 1966 2726 Garzadori
2001 2683 2103 2736 (Cfr.

323 2749 371 2792 N.
404 2750 489 2803 45.)
539 2752 832 2804 comperisset,
879 2753 965 2794 fere
1008 2766 1159 2794 omnes
1191 2753 1408 2806 parochos
1454 2753 1618 2794 rurales
1652 2766 1702 2794 ex
1732 2753 1958 2806 privilegio
1992 2753 2106 2793 illius

324 2818 521 2860 Nationis
552 2823 721 2861 utentes
752 2821 923 2873 liturgia
956 2822 1399 2874 Glagolito-Romana
1430 2822 1550 2863 libris
1580 2822 1788 2875 liturgicis
1820 2835 1980 2871 carere,
2010 2821 2110 2863 Fer-

326 2887 516 2928 dinando
550 2888 798 2941 imperatori
831 2891 1015 2932 suadere
1057 2893 1191 2939 curat,
1235 2893 1283 2931 ut
1324 2891 1389 2931 vel
1422 2891 1514 2944 ipse
1560 2891 1655 2932 illos
1695 2891 1829 2932 libros
1860 2890 2108 2943 imprimere

319 2955 484 3008 jubeat,
517 2957 581 2997 vel
615 2956 655 2997 S.
690 2956 1025 3011 Congregationi
1058 2962 1181 3012 typos
1215 2959 1484 3012 glagoliticos
1517 2960 1681 3001 donare
1712 2960 1826 3001 velit.

462 3038 498 3077 A
530 3050 667 3078 mons.
701 3039 853 3080 nuntio
882 3039 925 3080 in
957 3040 1186 3082 Germania
1219 3039 1413 3095 [Caraffa
1435 3042 1460 3082 a
1492 3039 1695 3095 Vienna].

462 3104 555 3146 Con
589 3107 816 3147 occasione
860 3108 971 3149 della
1017 3109 1154 3159 visita,
1189 3109 1268 3150 che
1309 3108 1349 3150 d'
1375 3109 1526 3150 ordine
1568 3109 1679 3150 della
1726 3109 1823 3151 Sac.
1857 3108 2020 3161 Conge
2052 3108 2106 3150 de

328 3161 373 3202 P.
407 3163 448 3202 F.
483 3163 539 3204 hit
571 3163 679 3205 satta
711 3177 848 3205 mons.
896 3165 1145 3207 Garzadoro
1188 3167 1231 3207 in
1270 3166 1505 3217 Dalmazia‚
1547 3167 1582 3207 si
1613 3169 1635 3208 e
1669 3166 1893 3217 ritrovato,
1927 3167 2006 3207 che
2039 3179 2106 3207 es-
