2243 3444
364 325 410 359 98
957 322 1153 356 Fontes
1181 320 1457 362 Liturgiae

316 598 533 636 nunquam
568 585 840 635 approbatae.

459 645 595 694 Quod
638 645 670 683 si
714 642 918 682 sacerdos
961 642 1125 691 aliquis,
1162 640 1279 691 quod
1325 641 1444 680 Deus
1487 645 1651 689 avertat,
1697 642 1813 681 aliter
1854 641 1992 681 facere
2025 641 2090 681 vel
2240 665 2243 678 t

316 708 460 744 contra
503 703 768 749 attentaverit,
814 701 1051 741 istiusmodi
1099 712 1240 747 ausuS,
1287 704 1329 739 ut
1363 699 1514 739 Sacrae
1549 700 1911 751 Congregationis
1951 701 2091 740 verbis

315 767 492 813 utamur,
527 775 670 802 severa
705 761 964 801 coercitione
998 760 1296 810 reprimendus
1331 760 1416 799 erit.

455 823 615 862 Idcirco
659 821 782 860 Adm.
818 832 900 859 rev.
937 820 1138 858 Decanos
1181 819 1292 859 serio
1340 818 1585 858 admonitos
1617 819 1830 867 volumus,
1875 822 1914 858 et
1955 830 2086 869 super

313 884 398 922 hoc
432 894 579 922 eorum
616 880 916 920 conscientiam
952 890 1194 926 oneramus,
1226 881 1268 917 ut
1290 878 1431 917 Nobis
1464 878 1596 917 statim
1623 878 1812 917 deferant
1835 878 2089 918 Sacerdotes
2147 920 2159 923 „

2119 0 2182 331 i

318 469 533 508 missionis
567 471 683 506 antea
708 479 729 505 a
751 468 897 505 nostro
933 465 1026 515 piae
1060 465 1294 503 Memoriae
1330 463 1669 503 Praedecessore
1704 464 1838 513 datae,
1861 465 1948 503 sive
1971 475 2090 514 prae·

314 531 425 567 textu
460 525 781 566 consuetudinis
826 536 901 574 per
942 524 1122 563 abusum
1157 521 1312 562 ultimis
1346 519 1409 562 his
1443 523 1564 562 annis
1597 524 1783 562 invectae
1818 526 1857 562 et
1895 536 1917 563 a
1951 523 2090 563 Nobis
2153 527 2179 566 Γ]

312 944 385 992 qui
420 942 536 980 hisce
581 941 745 979 Nostris
780 938 1043 977 iussionibus
1085 949 1171 976 non
1215 937 1487 977 obbedierint
1515 960 1558 964 —
1588 949 1684 976 curn
1719 937 1773 977 de
1807 941 1974 977 caetero
2009 938 2090 977 sint
2155 930 2162 966 Ῐ
2238 954 2243 977 s

312 1001 487 1041 Sanctae
522 999 643 1039 Sedis
677 998 952 1047 ApostoliCae
988 998 1121 1047 ipsius
1156 997 1361 1036 mandata.
2071 1043 2076 1047 ᾖ

454 1059 642 1098 Tandem
678 1070 773 1097 curn
800 1058 839 1095 in
864 1056 1146 1106 praelaudatis
1170 1056 1328 1096 Litteris
1359 1055 1510 1095 Sacrae
1534 1056 1699 1098 Rituum
1726 1055 2089 1107 Congregationis

313 1120 517 1158 Immixtio
553 1119 791 1167 linguarum
827 1117 866 1155 in
901 1115 1026 1155 Sacra
1060 1116 1242 1165 Liturgia
1276 1116 1565 1165 prohibeatur,
1601 1115 1653 1154 ad
1688 1115 1902 1155 evitandas
1937 1127 2089 1155 omnes
2156 1151 2158 1153 ,

313 1176 576 1217 difficultates
620 1181 658 1216 et
702 1176 753 1215 ad
803 1187 891 1215 rem
942 1176 1143 1214 maturius
1190 1174 1567 1222 determinandam,
1611 1186 1706 1213 nam
1757 1175 1892 1214 unitas
1937 1175 1977 1214 in
2023 1175 2115 1233 his-

313 1238 512 1277 omnibus
548 1238 586 1275 in
622 1237 699 1274 hac
734 1235 951 1274 Provincia
996 1235 1266 1284 assequenda
1301 1238 1373 1281 est,
1409 1234 1626 1273 statuimus
1673 1234 1893 1283 negotium
1928 1234 2014 1273 hoc
2047 1234 2087 1273 in

312 1297 506 1337 ComitiIs
540 1293 879 1345 Episcopalibus,
916 1306 1025 1344 quae
1059 1295 1144 1333 hoc
1177 1306 1288 1333 anno
1323 1293 1437 1344 apud
1474 1293 1564 1332 Nos
1587 1294 1730 1332 locum
1753 1293 1972 1332 habebunt
1993 1305 2088 1344 per-

309 1360 496 1403 tractare,
532 1359 570 1394 et
603 1355 779 1393 conlatis
813 1354 1001 1392 consiliis
1042 1354 1231 1393 omnium
1267 1353 1503 1392 Antistitum
1551 1352 1927 1403 Suffraganeorum
1961 1352 2087 1392 huius
2151 1386 2154 1389 Α

311 1415 446 1463 Sedis,
483 1415 714 1454 decernere
749 1412 814 1452 illa
851 1414 903 1452 de
939 1413 1095 1463 quibus
1130 1416 1191 1452 est
1225 1424 1366 1452 sermo
1402 1413 1441 1451 in
1467 1412 1616 1451 iisdem
1642 1412 1799 1451 Litteris
1823 1424 2003 1452 numero
2029 1412 2086 1452 111.

311 1475 359 1515 Χ.
394 1475 472 1513 XII.
510 1477 548 1513 et
579 1474 673 1512 XIII.
710 1473 896 1523 signatis.

644 1569 797 1607 Datum
833 1579 882 1606 ex
917 1568 1069 1606 Nostra
1103 1566 1470 1616 Archiepiscopali
1506 1566 1745 1608 Residentia

522 1663 711 1713 Jaderae,
747 1663 815 1702 die
852 1664 872 1701 7
910 1663 1041 1701 Martii
1083 1662 1204 1702 1899.

1256 1751 1279 1791 †
1313 1745 1551 1796 Gregorius
1585 1745 1964 1795 Archiepiscopus.

453 1838 639 1873 Collectio
661 1838 823 1873 Actuum
845 1837 1075 1873 Officialium
1100 1837 1235 1872 Curiae
1250 1836 1594 1881 Archiepiscopalis
1609 1837 1796 1880 Jadrensis
1811 1836 1926 1872 XVIII
1948 1837 2085 1879 (1899).

309 1887 354 1921 N.
381 1887 413 1928 3,
441 1896 476 1930 p.
504 1887 523 1919 2
552 1896 579 1920 s.
609 1886 737 1931 Quum
766 1888 896 1920 contra
932 1885 1003 1919 hoc
1038 1885 1230 1920 decretum
1270 1885 1450 1919 ecelesiae
1485 1884 1722 1929 glagoliticae
1748 1884 1937 1928 jadrensis
1964 1884 2085 1919 archi-
2141 1924 2148 1938 Ι

309 1934 487 1968 dioeceos
526 1933 571 1967 ad
607 1927 639 1967 S,
670 1933 819 1970 Rituum
848 1932 1196 1977 Congregationem
1234 1932 1499 1976 appellassent,
1538 1932 1637 1966 idern
1676 1932 1867 1966 decretum
1905 1931 1941 1967 S.
1971 1932 2011 1969 R.
2041 1931 2085 1978 C,

308 1982 467 2016 Decreto
499 1982 541 2014 14
569 1981 727 2024 Augusti
759 1981 849 2016 1900
876 1980 953 2021 (cir.
983 1980 1027 2014 N.
1060 1981 1136 2022 109,
1163 1981 1222 2021 Α.)
1250 1980 1390 2014 irritum
1419 1979 1546 2014 evasit.

788 2149 891 2188 III.
932 2148 1068 2198 1899,
1109 2148 1165 2188 16
1196 2146 1381 2201 Aprilis,
1404 2146 1597 2201 Jaslme.

449 2242 672 2293 Delegatio
718 2242 988 2283 Provincialis
1035 2244 1167 2293 Regni
1212 2243 1444 2282 Dalmatiae
1489 2242 1757 2282 Cardinalem
1803 2242 2081 2282 Secretarium

310 2314 443 2354 Status
487 2314 525 2354 S.
561 2314 600 2354 S.
636 2316 858 2354 certiorem
906 2315 1056 2363 reddit,
1104 2315 1157 2353 de
1202 2326 1358 2364 magno
1406 2313 1531 2354 animi
1581 2317 1697 2353 motu
1747 2314 1896 2364 populi
1944 2313 2084 2353 fidelis
2139 2299 2171 2321 *³

311 2389 483 2435 propter
523 2386 874 2435 suppressionem
922 2398 1025 2424 usus
1069 2384 1259 2435 liturgiae
1307 2384 1764 2435 Glagolito-Romanae
1810 2385 1851 2423 in
1891 2384 2082 2434 Jadrensi

310 2456 511 2504 dioecesi,
559 2457 760 2496 invocans
809 2456 847 2497 S.
884 2455 1039 2496 Sedem
1087 2460 1129 2495 ut
1177 2457 1447 2506 periculosae
1482 2456 1712 2509 agitationi,
1757 2456 2081 2495 conservatione

310 2528 513 2577 pr1vilegii
549 2528 840 2577 antiquissimi,
876 2528 1108 2578 provideat.

313 2633 345 2671 Α
380 2633 461 2672 Sua
496 2634 721 2673 Eminenza
756 2633 779 2673 il
816 2633 1042 2674 Cardinale
1076 2635 1131 2675 Μ.
1168 2632 1402 2684 Rampolla,
1439 2633 1671 2673 Secretario
1707 2633 1748 2672 di
1775 2633 1887 2673 Stato
1923 2633 1964 2673 di
1999 2633 2082 2673 Sua
2158 2671 2203 2685 1

1121 2693 1272 2733 Santita

1810 2753 1956 2795 Roma.

451 2834 698 2873 Eminenza!
737 2835 788 2874 La
824 2836 1047 2885 questione
1082 2833 1191 2874 della
1226 2836 1369 2886 lingua
1403 2833 1514 2874 slava
1548 2836 1759 2884 liturgica,
1801 2833 1822 2874 ὲ
1863 2847 1944 2874 una
1979 2846 2080 2884 que·
2156 2855 2169 2892 i'
2199 2816 2235 2836 ²

309 2892 443 2930 stione
463 2890 687 2942 palpitante
712 2905 787 2943 per
809 2895 845 2932 Ia
866 2894 1092 2934 Dalmazia.
1118 2895 1170 2934 La
1194 2894 1482 2944 popolazione
1505 2894 1860 2944 profondamente
1883 2896 2078 2933 attaccata
2129 2904 2135 2910 ‘
2187 2909 2201 2926 a

311 2948 387 2988 alla
422 2951 628 3000 religione
663 2953 732 2991 dei
766 2953 861 2992 suoi
896 2954 1029 3003 padri,
1065 2954 1290 2992 considera
1324 2965 1407 2992 con
1430 2951 1633 3003 orgoglio
1668 2951 1692 2992 il
1728 2951 1952 3003 privilegio
1977 2964 2079 2992 con·
2138 2966 2164 3002 ⁷5

310 3007 488 3055 cessole‚
540 3010 579 3049 di
620 3022 742 3050 usare
787 3012 823 3050 la
869 3014 1041 3062 propria
1076 3013 1219 3062 lingua
1262 3010 1372 3051 nelle
1416 3012 1604 3051 funzioni
1651 3012 1982 3059 ecclesiastiche,
2024 3011 2078 3050 ed
2154 3020 2162 3064 ᾖ)
2200 3057 2204 3062 ἡ

310 3069 411 3117 ogni
446 3071 638 3108 attentato
673 3073 822 3109 contro
859 3074 1010 3120 questo
1045 3072 1282 3121 privilegio,
1317 3074 1436 3121 porta
1480 3069 1517 3110 la
1561 3082 1861 3121 consequenza
1906 3071 1948 3109 di
1996 3082 2079 3110 una
2152 3065 2204 3120 fj

311 3126 470 3174 grande
505 3128 740 3167 irritazione
775 3129 842 3168 nel
878 3130 1058 3179 popolo,
1095 3142 1117 3169 e
1151 3129 1239 3180 pu'o
1274 3133 1632 3180 compromettere
1667 3130 1724 3180 gli
1744 3130 1865 3169 stessi
1887 3129 2077 3169 interessi

310 3184 510 3233 religiosi,
546 3186 731 3225 addesso
767 3188 1068 3237 specialmente
1103 3189 1181 3228 che
1215 3187 1349 3228 l’idea
1383 3187 1602 3228 nazionale
1637 3188 1832 3238 divarnpa
1865 3188 2000 3228 anche
2035 3189 2076 3227 in

311 3242 537 3291 Dalmazia,
573 3256 594 3283 e
629 3246 707 3284 che
742 3243 778 3284 la
813 3245 1013 3296 pubblica
1057 3246 1275 3297 opinione,
1320 3248 1523 3286 ombrosa
1570 3259 1591 3287 e
1625 3247 1884 3287 suscettibile
1933 3246 1992 3286 sta
2037 3247 2076 3286 in
2151 3242 2153 3284 j
2200 3255 2201 3258 ’
