2243 3444
404 313 449 346 50
1009 313 1191 348 Fontes
1240 313 1500 359 Licurgiae

358 451 516 493 Illirica
548 465 626 493 sua
656 455 855 493 exercent
879 452 1034 493 officia.
1061 477 1109 482 —
1134 453 1319 505 Reliqua
1343 452 1554 493 dioecesis
1577 452 1619 493 in
1643 453 1893 506 quindecim
1915 453 2147 506 parochias

360 508 524 550 rurales
558 509 764 551 dividitur
795 522 907 562 quae
939 523 963 550 a
994 511 1197 561 parochis
1219 510 1378 562 partim
1400 509 1646 551 titularibus
1669 513 1710 551 et
1730 511 1965 564 perpetuis,
1987 511 2148 564 partim

360 567 417 607 ad
463 570 615 607 nutum
665 567 969 608 amovibilibus
1016 568 1334 619 gubernantum
1383 567 1612 608 universae
1658 570 1805 609 tamen
1850 569 2148 621 pauperimae.

362 623 562 676 Cumque
610 625 795 665 cultores
834 624 1012 665 Illiricae
1058 628 1158 665 sunt
1203 625 1388 676 linguae,
1435 624 1636 672 parochi,
1680 628 1726 666 ut
1766 625 2002 678 plurimum
2045 628 2148 667 sunt

360 681 520 730 rustici,
555 684 594 720 et
626 694 780 733 parum
804 681 858 721 ad
891 681 1132 723 animarum
1166 681 1324 723 Curam
1355 681 1536 729 habiles,
1569 685 1610 723 et
1641 695 1772 735 saepe
1809 682 1852 723 in
1885 696 2052 724 errores
2082 683 2148 724 in-

360 738 521 779 cidunt.
557 738 653 788 Quo
687 739 745 785 fit,
782 742 826 778 ut
857 739 1025 779 defectu
1049 742 1091 779 et
1112 739 1389 780 sacerdotum
1413 739 1610 792 penuria,
1634 741 1704 793 qui
1728 738 1930 781 Illiricam
1953 740 2145 793 linguam

361 796 555 843 calleant,
582 796 646 836 vel
669 796 919 849 hujusmodi
943 796 1207 846 tollerentur,
1230 797 1295 837 vel
1318 797 1638 838 animadversio
1660 797 1787 839 valde
1809 797 1924 838 mitis
1948 798 2143 840 evadat.“

496 885 773 920 Authenticum
799 886 838 920 in
863 885 1032 921 Archivo
1059 886 1094 920 S.
1121 886 1256 932 Congr.
1292 886 1453 921 Concilii
1486 887 1522 921 in
1558 886 1763 922 Tabulario
1799 887 2004 933 Vatican05
2033 888 2150 940 juxta

358 932 622 1012 zigpdgraplggm
659 932 926 967 Crncicianum
963 932 1053 966 anni
1090 932 1187 966 1892.
1224 931 1288 966 cfr.
1324 932 1440 967 Curia
1480 932 1709 979 episcopalis
1745 933 1918 980 Tergest.
1955 933 2150 980 Justmop.

411 987 421 1011 c
451 1005 458 1020 ,
483 990 517 1023 p.
545 1001 554 1011 t
592 1007 597 1012 .

697 1108 795 1146 170.
828 1107 956 1155 1662,
987 1107 1049 1147 28
1078 1105 1299 1156 Januarii,
1333 1106 1534 1148 Malzicno
1566 1106 1819 1160 Zayrabien.

503 1197 708 1239 Nicolaus
741 1199 949 1240 Laskovic
982 1199 1184 1251 glagolita
1216 1199 1259 1240 in
1300 1199 1550 1252 plebaniam
1590 1200 1638 1241 Β.
1683 1199 1864 1253 Virginis
1905 1201 2066 1242 Mariae
2107 1200 2152 1242 in

360 1267 560 1308 Mahicno
594 1268 828 1317 institutus,
857 1269 1153 1322 juramentum
1187 1268 1375 1309 croatice
1406 1268 1520 1310 facit.

495 1357 609 1392 Liber
640 1358 955 1393 Juramentorum
988 1358 1276 1402 Zagrabiensis3
1312 1357 1376 1392 cfr.
1417 1358 1583 1402 Tkalcic,
1617 1358 1830 1394 Slavensko
1862 1358 2091 1405 bogosluffije
2127 1369 2154 1392 u

358 1402 579 1449 Hrvatskoj.
606 1404 829 1450 Zagrabiae,
856 1404 953 1447 1904,
979 1404 1033 1438 85.

861 1534 953 1573 171.
991 1534 1116 1582 1662,
1150 1532 1368 1574 Μνεὲηἱσα
1399 1532 1651 1585 Zayrabien.

496 1623 678 1665 Michael
711 1624 824 1666 Srsic
857 1625 1059 1678 glagolita
1088 1625 1303 1678 plebanus
1337 1625 1377 1666 S.
1402 1624 1515 1666 Petri
1542 1625 1586 1666 in
1609 1625 1823 1667 MreZnica
1844 1623 2148 1678 Zagrabiensis

360 1692 624 1734 dioeceseos.

497 1783 670 1830 Lopasic',
698 1784 780 1819 Oko
806 1784 919 1831 Kupe
945 1784 957 1818 i
982 1784 1156 1828 Kovane,
1182 1785 1397 1832 Zagrabiae
1424 1785 1522 1828 1895,
1546 1785 1625 1820 310.

990 1914 1090 1954 172.
1121 1915 1250 1965 1662,
1287 1913 1511 1966 Teryestin.

497 2004 714 2045 Antonius
732 2005 997 2046 Marentinus
1016 2005 1247 2059 episcopus
1282 2005 1560 2058 Tergestinus
1583 2005 1626 2046 in
1648 2004 1858 2047 relatione
1880 2004 2149 2046 visitationis

361 2073 416 2114 ad
450 2073 617 2114 Limina
647 2073 961 2126 Apostolorum
995 2073 1038 2115 S.
1074 2074 1230 2127 Congr.
1267 2074 1448 2116 Concilii
1472 2074 1526 2116 de
1558 2077 1673 2124 statu
1707 2075 1959 2116 dioeceseos
1992 2074 2148 2117 certio-

358 2141 559 2190 reddens,
591 2142 731 2185 refert.

501 2223 570 2271 „In
604 2223 782 2266 ecclesia
814 2224 897 2265 PP.
931 2224 1162 2266 Societatis
1192 2225 1307 2273 Jesu,
1340 2238 1453 2278 quae
1485 2227 1548 2266 est
1580 2224 1683 2266 satis
1715 2224 1894 2277 insignis
1917 2226 1959 2264 et
1986 2222 2147 2277 ampla,

360 2282 401 2319 et
432 2280 608 2332 singulis
640 2281 878 2322 Dominicis
910 2285 951 2323 et
982 2282 1120 2323 Festis
1152 2282 1306 2324 diebus
1338 2283 1525 2324 habetur
1557 2282 1815 2324 Sclavonica
1848 2281 2002 2323 concio
2026 2281 2146 2322 horis
2202 2326 2206 2329 ‚

359 2337 617 2378 matutinis.“
2203 2341 2207 2353 ³

494 2427 771 2463 Authenticum
803 2429 841 2463 in
875 2429 1042 2464 Archivo
1079 2430 1112 2464 S.
1149 2430 1287 2476 Congr.
1315 2430 1471 2465 Concilii
1504 2430 1544 2464 in
1574 2429 1779 2464 Tabulario
1805 2429 2011 2474 Vaticano;
2032 2429 2148 2475 juxta
2203 2441 2211 2461 τ,

358 2473 620 2517 apographum
660 2475 922 2509 Crncicianum
960 2476 1049 2510 anni
1084 2476 1180 2509 1892.
1215 2496 1260 2502 —
1292 2476 1438 2511 Eodem
1470 2476 1583 2511 modo
1622 2480 1661 2511 el:
1684 2476 1723 2510 in
1756 2475 1948 2511 relatione
1982 2474 2152 2521 episcopi
2199 2492 2202 2497 ,

363 2517 498 2552 Jacobi
522 2519 570 2552 Π.
611 2520 699 2553 anni
726 2521 829 2555 1684:
870 2533 915 2566 „a
940 2522 1122 2556 Patribus
1162 2522 1370 2557 Societatis
1397 2522 1522 2567 (Jesu)
1548 2523 1588 2556 in
1613 2522 1768 2568 propria
1793 2521 1961 2556 ecclesia
1986 2520 2150 2568 singulis

360 2563 494 2598 diebus
519 2564 673 2600 festiuis
699 2578 811 2602 mane
838 2567 1065 2602 Sclavonica
1090 2568 1256 2603 concio.“
1282 2568 1337 2602 Ll.
1365 2580 1415 2603 cc.

921 2698 1015 2736 173.
1052 2698 1180 2745 1663,
1213 2695 1408 2736 Flumine
1438 2695 1580 2737 Polen.

494 2784 734 2837 Episcopus
775 2786 970 2828 Polensis
1013 2788 1248 2840 capitulum
1291 2787 1333 2828 S.
1377 2788 1539 2829 Mariae
1580 2787 1707 2829 castri
1751 2787 1794 2829 S.
1827 2787 1911 2828 Viti
1950 2786 2145 2828 Flumine

359 2852 547 2903 linguam
579 2854 782 2895 slavicam
815 2855 856 2895 in
888 2856 1060 2907 liturgia
1091 2856 1331 2909 suprimere
1364 2857 1496 2898 iubet.

497 2933 551 2981 „ll
594 2947 779 2975 vescovo
822 2936 863 2975 di
904 2936 1011 2977 Pola
1053 2937 1236 2977 rinnovo
1276 2936 1301 2976 l'
1322 2937 1474 2978 ordine
1517 2937 1559 2978 di
1601 2937 1843 2989 adoperare
1884 2937 1926 2977 la
1972 2936 2143 2988 liturgia

356 2989 500 3084 latina.
534 2992 833 3086 pprmeltendo
867 2996 985 3045 pero,
1019 2994 1097 3034 che
1129 2994 1153 3033 l'
1174 2995 1356 3046 epistola
1389 2994 1442 3035 ed
1471 2994 1497 3034 il
1528 2994 1711 3046 vangelo
1743 2994 1776 3033 si
1810 2996 2062 3035 cantassero
2097 2993 2140 3035 in
2182 3020 2185 3023 -

374 3058 501 3096 ingua
535 3048 542 3085 i
581 3048 718 3087 irica.“

357 3179 443 3213 1898
481 3135 705 3215 IS.113{?;³bler,
733 3137 915 3173 Memorie
948 3150 1016 3184 per
1048 3139 1084 3173 la
1117 3139 1236 3174 storia
1269 3139 1369 3174 della
1399 3139 1588 3174 liburnica
1625 3140 1718 3174 εἰπὲ.
1755 3139 1793 3173 di
1825 3139 1971 3182 Fiume,
2004 3138 2141 3174 Fiume

447 3206 453 3223 ‚
501 3207 507 3224 ,
603 3208 609 3215 .
