2243 3444
406 196 448 231 50
1113 186 1305 223 Fontes
1343 183 1587 231 liturgiae

403 342 575 382 Limina
615 337 933 391 Apostolorum
985 334 1028 376 S.
1061 333 1461 387 Congregationem
1515 330 1698 372 Concilii
1730 331 1787 371 de
1827 337 1940 371 statu
1990 329 2182 370 dioeces«

407 413 637 452 certiorem
671 408 874 456 reddens,
907 407 1052 447 refert:

546 481 612 522 »A
645 494 733 534 quo
777 487 978 530 tempore
1021 477 1242 517 aedictum
1277 472 1372 528 (sic)
1417 474 1556 514 felicis
1600 473 1915 514 recordationis
1948 471 2060 513 Sixti
2094 471 2148 520 V,

403 544 468 583 his
501 554 612 595 quae
662 542 715 580 ab
768 540 981 590 episcopo
1015 538 1057 576 in
1090 536 1186 576 illos
1238 536 1310 588 qui
1343 534 1399 574 ad
1433 547 1581 574 sacros
1614 533 1804 574 Ordines
1836 533 2063 572 initiantur
2098 532 2185 571 obs
2219 568 2243 585 ’,ἢν

404 602 545 642 vanda
578 608 690 648 sunt,
724 599 952 644 emanavit,
984 596 1088 636 nulli
1122 596 1211 635 fere
1245 608 1302 634 ex
1350 594 1530 644 Illyricis
1577 593 1633 632 ad
1665 605 1813 632 sacros
1845 590 2035 633 Ordines
2066 590 2185 631 admi
2224 585 2243 599 '‘

407 668 523 710 sunt;
574 673 673 699 narn
707 671 808 698 cum
842 664 888 697 ut
922 657 1157 708 plurimum
1209 662 1251 694 et
1302 655 1564 706 patrimonio
1615 659 1657 692 et
1688 651 1915 703 beneficijs
1949 657 2135 699 careant,
2166 662 2184 689 s

407 728 646 771 utcumque
679 718 947 767 elemosynis
980 721 1288 761 sustententur,
1322 713 1490 752 nullum
1522 712 1579 752 ad
1612 724 1760 751 sacros
1794 710 1984 752 Ordines
2019 721 2185 750 access¹

410 781 588 828 habent;
621 778 723 817 inde
756 776 929 824 accidit,
962 774 1084 827 quod
1131 775 1173 812 in
1220 774 1413 812 maxima
1460 771 1739 812 sacerdotum
1782 771 2032 810 laboramus
2064 781 2179 821 penu

408 853 456 878 ac
490 840 530 878 in
565 838 657 877 dies
692 837 830 889 magis
864 835 1177 882 laborabimus,
1200 833 1412 884 pluraque
1433 832 1530 871 loca
1563 831 1773 870 hactenus
1823 835 1988 869 vacant.
2021 828 2101 878 Ne,
2133 841 2186 881 qu

409 900 488 938 sibi
522 897 840 949 praescriptum
886 902 963 943 est,
1011 894 1247 945 episcopus
1295 890 1633 944 transgrediatur
1673 903 1724 930 ac
1768 889 1896 929 simul
1929 895 2072 929 tantae
2103 900 2186 928 nec

409 959 543 997 sitatis
577 955 815 1008 provideat,
870 953 1119 994 Sanctitatis
1155 951 1269 992 Suae
1303 957 1589 1003 praeceptum
1640 950 1808 989 ardenti
1861 949 2009 988 animo
2063 960 2182 999 expo

409 1017 552 1069 Rogat
585 1025 731 1055 tamen
764 1016 926 1053 interea
977 1011 1262 1053 Sanctitatern
1317 1009 1466 1059 Suam,
1499 1017 1545 1049 ut
1577 1010 1658 1049 sibi
1707 1022 1764 1049 ex
1810 1007 2096 1061 Regularibus
2129 1007 2191 1047 lici
2235 1020 2243 1055 ¹2

409 1077 578 1128 aliquos
628 1086 863 1121 assumere,
915 1074 988 1125 qui
1039 1084 1187 1111 curam
1238 1071 1479 1110 animarum
1532 1076 1694 1122 gerant,
1733 1068 1878 1108 donec
1910 1067 2054 1119 aliqua
2087 1067 2187 1106 ratic

410 1136 632 1187 provisum
686 1134 823 1173 fuerit.
875 1132 1129 1172 Humillime
1181 1131 1324 1178 etiarn,
1375 1136 1506 1182 atque
1539 1142 1596 1168 ex
1647 1135 1741 1168 toto
1794 1127 1929 1167 corde
1963 1125 2189 1167 sanctitat·
2237 1162 2240 1168 .

412 1193 547 1235 Suam
581 1205 720 1242 orans,
754 1200 800 1232 ut
832 1204 966 1232 unum
1002 1198 1075 1230 aut
1107 1190 1290 1229 alterum
1324 1189 1656 1229 adolescentem
1693 1200 1752 1227 ex
1784 1187 1866 1226 hac
1897 1186 2104 1226 Dioecesi
2135 1198 2183 1226 as

414 1267 532 1293 mere
564 1253 780 1305 dignetur,
824 1253 898 1304 qui
942 1252 983 1290 in
1030 1248 1272 1291 Seminario
1302 1249 1574 1299 Illyricorum
1623 1247 1834 1287 enutritus
1876 1246 2021 1286 lucem
2066 1245 2181 1298 aliqu

417 1314 518 1353 huic
551 1312 759 1352 Dioecesi
792 1310 924 1351 affere
957 1311 1131 1362 possit«

553 1393 822 1428 Anthenticurn
850 1393 885 1425 in
921 1391 1084 1426 Archivo
1123 1390 1148 1424 S
1187 1390 1324 1433 Congr.
1347 1388 1503 1423 Concilii
1530 1390 1565 1423 in
1591 1387 1793 1424 Tabulario
1821 1387 2023 1428 Vaticano;
2047 1386 2156 1431 juxta

419 1446 590 1485 cerpturn
621 1441 883 1476 Crncicianum
911 1440 995 1473 anni
1023 1441 1125 1474 1892.

1014 1598 1110 1637 [80.
1144 1607 1264 1649 1597,
1297 1594 1428 1636 Blolze
1461 1594 1667 1635 Labacen.

558 1694 603 1733 In
637 1693 841 1745 parochia
872 1691 1009 1732 Blohe
1043 1706 1182 1744 prope
1216 1691 1462 1733 Cirknicam
1514 1692 1556 1730 in
1589 1690 1783 1731 dioecesi
1835 1689 2075 1730 Labacensi
2112 1701 2188 1729 cur

416 1767 655 1805 animarum
690 1766 798 1817 gerit
831 1764 1038 1804 sacerdos
1072 1764 1278 1817 glagolita
1312 1762 1513 1803 Andreas
1534 1761 1764 1810 Vulkovic,
1792 1761 1955 1810 nullam
1988 1761 2114 1801 aliam
2139 1774 2196 1813 pr,
2232 1807 2237 1811 ⁴

417 1845 481 1876 ter
514 1838 750 1876 croaticam
787 1837 978 1890 linguam
1014 1836 1187 1875 callens.
2194 1814 2196 1842 s
2237 1830 2240 1833 ’

418 1969 432 1997 t
507 1965 538 1999 II
561 1917 727 1998 [giarium
756 1917 926 1960 episcopi
954 1916 1183 1951 Labacensis
1204 1916 1373 1951 Thomae
1402 1916 1572 1957 Chroem
1593 1914 1668 1950 Cfr.
1696 1915 1855 1960 Izvestja
1881 1914 2127 1959 Muzejskoga
2158 1912 2192 1947 di
2233 1905 2237 1917 ¹

437 1975 482 1999 va
543 1993 549 2006 ‚

1096 2123 1191 2162 JSJ.
1224 2122 1352 2174 1598,
1390 2120 1571 2169 Jadrae.

563 2216 732 2258 Statuta
765 2216 974 2269 Synodus
1008 2218 1296 2258 dioecesanae
1327 2217 1545 2270 Jadrensis
1579 2216 1727 2269 quoad
1779 2216 1972 2270 linguam
2018 2214 2194 2268 liturgic.

428 2289 630 2328 slavicam
665 2296 706 2328 et
739 2288 914 2329 Clerum
949 2284 1227 2342 Glagolitam.
2196 2278 2197 2283 Ἰ

571 2359 663 2400 »De
697 2359 997 2400 Confessione.

564 2442 621 2446 —
653 2442 709 2448 —-
742 2418 852 2460 Cum
886 2421 928 2459 in
962 2420 1101 2460 forma
1132 2420 1419 2460 absolutionis
1454 2432 1632 2474 magnas
1666 2421 1708 2459 in
1729 2419 1924 2459 dioecesi
1957 2424 2104 2458 nostra
2137 2424 2197 2469 pn,
2241 2447 2243 2455 .

426 2479 553 2529 cipue
587 2480 694 2518 inter
726 2478 919 2529 Illyricos
953 2478 1217 2520 Sacerdotes
1252 2481 1533 2527 diversitates,
1565 2486 1607 2518 et
1650 2480 1812 2519 abusus
1846 2479 1976 2518 etiam
2009 2490 2108 2518 esse
2141 2479 2194 2517 ini

425 2538 621 2589 ligamus,
655 2538 913 2578 mandamus
947 2551 1231 2579 communem
1265 2539 1463 2585 formam,
1497 2551 1609 2591 quae
1641 2538 1818 2578 inferius
1858 2537 2052 2586 habetur,
2082 2537 2138 2576 ab
2173 2548 2194 2576 c

425 2598 552 2635 nibus
585 2598 752 2644 servari,
785 2610 970 2650 eamque
1004 2600 1045 2638 in
1079 2598 1293 2649 Illyricam
1327 2598 1518 2652 linguam
1545 2599 1751 2646 converti,
1771 2598 2070 2649 omnibusque
2091 2595 2194 2636 dioc

428 2657 485 2695 sis
517 2663 690 2695 nostrae
723 2655 1008 2697 Confessariis
1041 2658 1247 2697 mandari.
1280 2680 1336 2686 —

570 2714 637 2754 De
670 2715 876 2756 Decimis.

569 2797 626 2802 —
658 2797 714 2802 —
747 2788 846 2814 cum
879 2782 1026 2815 tamen
1059 2776 1232 2816 decima
1263 2778 1312 2816 iis
1345 2777 1449 2816 solis
1500 2775 1645 2816 danda
1677 2777 1742 2824 sit,
1775 2776 1934 2828 quibus
1970 2781 2035 2815 est
2061 2774 2194 2816 attrib

429 2855 486 2860 ——-
518 2856 574 2860 —-
605 2856 661 2861 —
695 2841 736 2872 et
769 2836 824 2873 de
857 2835 941 2874 hoc
986 2837 1122 2875 semel
1156 2837 1281 2875 etiam
1319 2837 1359 2874 in
1395 2848 1546 2875 mense
1597 2834 1795 2888 (Parochi
1829 2840 1871 2874 et
1905 2832 2146 2887 Capellani)
2178 2845 2195 2874 s

432 2904 608 2930 monem
643 2892 841 2941 habeant,
892 2901 933 2933 et
966 2892 1241 2934 Sacrosancti
1273 2894 1516 2934 Tridentini
1551 2893 1733 2934 Concilii
1786 2893 2014 2934 decretum
2048 2895 2089 2933 in
2124 2905 2195 2944 cap

432 2962 507 3000 XII
543 2961 749 3001 Sessione
782 2964 915 3003 XXV.
950 2978 1080 3016 super
1112 2966 1197 3005 hoc
1231 2965 1394 3005 editum
1419 2967 1631 3013 nuntient,
1661 2972 1703 3004 et
1724 2965 1959 3016 explicent,
1992 2965 2196 3004 habeant(

432 3020 598 3069 Illyrica
632 3022 777 3074 lingua
810 3035 1111 3064 conversum«.

574 3100 719 3141 Farlati,
747 3101 931 3147 Illyricum
959 3103 1113 3138 Sacrum
1144 3105 1185 3145 V,
1215 3108 1294 3146 1⁴8,
1322 3108 1406 3140 150.
