2243 3444
393 308 438 342 34
1004 305 1187 339 Fontes
1215 304 1471 346 Liturgiae

999 529 1072 570 26.
1112 528 1248 578 1807,
1272 527 1460 581 μιάνειε.

489 650 718 700 Inscriptio,
753 649 875 687 fronti
911 646 1115 687 ecclesiae
1150 647 1188 687 S.
1214 644 1433 686 Michaelis
1466 647 1506 686 in
1541 647 1645 687 urbe
1678 647 1812 698 Jadra,
1847 647 2109 698 approbante

349 720 514 762 Gallico
551 720 788 767 Gubernio,
823 717 1106 758 immittenda:

825 822 1092 865 Catholicum
1126 824 1211 863 hoc
1245 823 1312 862 div
1331 824 1378 871 (i)
1413 821 1631 862 Michaelis

899 881 1113 923 fidelibus
1146 881 1233 932 ling
1249 885 1363 931 (uae)
1398 880 1566 934 Illyricis

975 944 1277 990 Restauratum‚
1312 940 1485 981 restituit

988 999 1162 1040 Publica
1196 1001 1479 1040 munificentia

863 1059 1118 1110 Napoleone
1152 1072 1309 1109 magno
1344 1061 1597 1110 Imperatore

691 1121 726 1160 V
747 1121 966 1168 (incentio)
1001 1117 1203 1159 Dandolo
1237 1117 1467 1158 Dalmatiae
1503 1120 1780 1158 procuratore

993 1178 1041 1219 A.
1067 1179 1118 1218 Ι).
1144 1177 1430 1218 MDCCCVII.

492 1295 535 1330 C.
562 1295 602 1331 R,
631 1293 857 1329 Guberniale
885 1294 1086 1328 Archivum
1113 1293 1362 1328 Dalmaticum
1387 1294 1532 1337 Jadrae,
1559 1294 1652 1329 Acta
1679 1294 1713 1330 S.
1735 1294 1939 1336 Michaelis,
1963 1295 2064 1330 1807.

809 1473 884 1514 27.
924 1473 1060 1522 1807,
1098 1473 1168 1513 18.
1208 1471 1431 1523 Octobris,
1455 1472 1643 1526 Jadrae.

493 1581 787 1620 Conventione
833 1581 936 1619 inter
979 1581 1138 1619 Fratres
1177 1581 1302 1619 Tertii
1347 1581 1524 1620 Ordinis
1567 1580 1606 1620 S.
1632 1581 1838 1620 Francisci
1881 1583 2115 1620 conventus
2192 1575 2198 1583 '

351 1652 583 1703 §.joannis
617 1652 820 1701 Baptistae
854 1649 917 1690 vel
952 1650 991 1690 S.
1015 1648 1233 1690 Michaelis
1267 1655 1305 1690 et
1338 1649 1498 1691 incolas
1531 1651 1744 1707 Jadrensis
1778 1650 1977 1691 Suburbii
2011 1652 2116 1690 inter

351 1722 426 1762 alia
461 1723 700 1773 paciscitur:

497 1817 711 1865 „siccome
746 1814 782 1855 la
817 1817 1013 1856 erezione
1049 1815 1115 1855 del
1150 1817 1309 1866 tempio
1346 1816 1385 1855 di
1421 1815 1501 1855 San
1535 1813 1717 1855 Michele
1751 1817 1792 1856 iu
1816 1814 1924 1855 dalla
1945 1813 2115 1866 publica

353 1877 628 1915 munificenza
663 1888 869 1915 concessa
904 1876 955 1914 ad
991 1879 1166 1924 oggetto
1209 1873 1275 1914 del
1311 1874 1424 1914 culto
1468 1872 1865 1925 illirico-glagolit03
1905 1872 1995 1914 cosi
2028 1886 2115 1914 non

352 1936 383 1974 si
418 1939 627 1985 potranno
662 1935 745 1974 fare
780 1933 1012 1984 pubbliche
1046 1935 1231 1973 funzioni
1266 1935 1305 1973 in
1341 1946 1433 1974 essa
1456 1935 1597 1974 chiesa
1622 1935 1700 1973 che
1734 1935 1774 1973 in
1798 1932 1941 1983 lingua
1975 1931 2119 1972 illirica
2195 1931 2205 1981 ,ἐ

352 1992 607 2045 glagolitica‚
644 2006 767 2033 come
802 1992 842 2032 lo
878 2006 1006 2033 erano
1041 1991 1150 2033 nella
1184 1994 1325 2032 chiesa
1361 1993 1401 2032 di
1437 1992 1517 2032 San
1553 1993 1779 2041 Giovarmi,
1810 1991 1925 2032 salvo
1950 1990 1987 2032 la
2020 2004 2119 2042 pro·
2192 1992 2209 2047 ζ

358 2047 552 2092 cessione
588 2065 608 2092 e
648 2053 845 2092 funzione
887 2051 996 2092 delle
1046 2053 1293 2092 Pentecoste
1343 2052 1666 2099 (Convenzione
1720 2054 1769 2092 18
1805 2052 1970 2092 ottobre
2009 2052 2117 2091 1807
2192 2049 2209 2107 53

357 2111 469 2161 negli
505 2113 568 2151 atti
604 2110 670 2151 del
705 2102 1091 2151 notaioniovanni
1127 2111 1325 2159 Sorari).“

496 2221 542 2256 G.
570 2221 877 2265 Ferrari-Cupilli,
905 2221 1025 2257 Scritti
1053 2221 1183 2256 Storici
1211 2233 1230 2256 e
1257 2222 1453 2263 Letterarfi,
1481 2222 1574 2256 Zara
1602 2221 1703 2263 1889,
1729 2221 1808 2254 271.

851 2401 924 2442 28.
963 2401 1099 2450 1808,
1137 2401 1208 2442 16.
1241 2400 1374 2454 Masi,
1416 2398 1618 2441 venetiis.

490 2519 730 2558 Coniratres
765 2519 834 2560 SS.
872 2519 1051 2570 Georgii
1087 2522 1124 2558 et
1156 2519 1395 2570 Tryphonis
1430 2519 1621 2558 Nationis
1646 2518 1901 2558 Dalmaticae
1929 2530 2005 2558 seu
2029 2517 2115 2557 Sla-
2181 2537 2200 2583 ξι

347 2600 555 2628 vonorum
590 2589 640 2627 ab
675 2590 918 2639 inspectore
954 2590 1151 2629 Generali
1186 2590 1473 2629 finanziarum
1508 2590 1814 2628 concessiones
1857 2590 2003 2638 petunt
2035 2599 2114 2638 pro
2180 2606 2183 2610 ’

347 2660 525 2698 ecclesia
560 2660 765 2699 Nationali
802 2662 840 2699 in
876 2673 959 2711 qua
993 2662 1135 2711 lingua
1169 2661 1320 2700 slavica
1355 2672 1471 2699 sacra
1506 2660 1822 2709 persolvuntur:

489 2754 565 2799 „La
600 2765 767 2803 sempre
805 2756 955 2805 eguale
991 2755 1227 2805 grandezza
1263 2754 1302 2793 di
1338 2753 1377 2793 S.
1401 2754 1450 2792 A.
1487 2754 1612 2796 Reale
1648 2754 1671 2792 il
1703 2753 1894 2803 Principe
1916 2752 2113 2800 Vice-Re‚

344 2812 379 2849 la
414 2811 495 2850 Sua
530 2812 761 2861 Religione,
799 2814 834 2852 la
870 2813 952 2852 Sua
987 2813 1094 2863 pieta
1129 2813 1340 2853 secondar
1372 2813 1516 2852 fecero
1553 2813 1590 2851 le
1616 2813 1683 2862 pie
1716 2813 1870 2851 istanze
1889 2811 1988 2851 delli
2012 2810 2114 2851 Suoi

342 2870 496 2908 sudditi
532 2870 722 2917 Dalmati‚
759 2871 917 2920 perche
953 2873 1068 2911 fosse
1103 2873 1196 2911 loro
1231 2874 1477 2911 conservata
1511 2872 1547 2910 la
1573 2871 1715 2910 chiesa
1738 2883 1760 2910 e
1782 2871 1818 2910 la
1842 2870 2010 2918 Scuola,
2035 2869 2114 2909 che

341 2928 393 2967 da
426 2929 556 2968 secoli
603 2930 903 2978 possedevano
950 2932 988 2970 in
1023 2932 1218 2978 Venezia‚
1265 2942 1343 2970 ove
1384 2930 1450 2968 nel
1486 2930 1580 2969 loro
1628 2930 1787 2969 idioma
1834 2927 2054 2969 esercitare
2087 2928 2112 2967 il
2188 2927 2191 2930 ’

341 2999 460 3026 sacro
496 2988 607 3026 culto
642 2989 837 3027 secondo
873 2990 896 3027 il
933 2991 1010 3029 rito
1046 2990 1155 3029 della
1189 2989 1307 3029 Slava
1345 2989 1573 3027 Nazione.“

477 3096 667 3130 Catastico
697 3097 792 3132 della
821 3097 954 3132 Scuola
992 3099 1049 3133 dei
1078 3098 1140 3133 SS.
1169 3098 1324 3140 Giorgio
1353 3108 1372 3132 e
1399 3097 1570 3132 Trifione
1598 3097 1693 3132 della
1719 3097 1856 3132 Nation
1884 3095 2113 3137 Dalmatina‚
2170 3103 2183 3115 ¹

335 3142 406 3177 ΜΞ.
427 3153 523 3177 saec.
543 3143 621 3178 XVI
649 3154 677 3178 s.
706 3146 741 3179 in
772 3145 932 3179 Archivo
962 3147 1174 3180 omonimae
1203 3145 1530 3180 Confraternitatis
1558 3144 1735 3186 Venetiis,
1762 3143 1785 3178 f.
1805 3144 1884 3179 249.
