2191 3434
601 198 1152 245 Glagolito-Romanae
1180 202 1269 236 XVI
1296 214 1323 237 s.
1836 211 1880 244 35

49 350 192 384 tarino.
224 343 426 384 Pertanto
449 343 538 384 Sua
572 343 737 385 Santita
770 346 823 386 ha
856 347 1018 396 voluto,
1052 347 1133 387 che
1167 350 1207 388 io
1242 350 1379 388 scriva
1411 364 1434 389 a
1474 350 1633 391 Vostra
1676 351 1876 405 Signoria

42 408 189 456 manto
223 403 246 442 e
280 403 415 452 detto,
447 404 657 444 accioche
690 407 823 445 avvisi
857 419 941 459 qua
973 413 1086 447 tutto
1127 408 1288 460 quello,
1340 408 1422 449 che
1473 412 1599 461 potra
1650 413 1876 453 intendere

51 469 68 513 t
97 474 249 514 sapere
283 463 326 502 di
360 453 519 515 ques'to
554 464 672 534 fatto,
705 472 747 504 et
793 467 975 506 insieme
1018 466 1117 507 dica
1168 468 1271 520 quel
1323 469 1404 508 che
1454 483 1478 508 a
1530 470 1608 510 Lei
1661 474 1875 523 parrebbe

0 534 16 562 11
50 510 291 574 spediente.
324 521 356 561 ΙΙ
390 522 471 562 che
505 524 598 563 sara
632 532 838 565 contenta
871 526 915 565 di
948 526 1012 565 far
1044 536 1209 579 quanto
1244 529 1393 579 prima.
1442 529 1496 569 Et
1541 542 1630 569 non
1682 532 1873 572 essendo

48 587 175 622 uesta
206 594 285 633 per
315 582 436 631 altr0‚
469 590 584 623 resto
619 583 911 625 offerendomi
945 600 968 625 a
1002 585 1079 626 Lei
1112 587 1156 626 di
1190 588 1312 627 buon
1334 601 1449 636 core,
1471 595 1513 628 et
1534 589 1873 632 desiderandole

0 653 13 681 n
52 642 125 694 gni
156 642 284 693 piena
317 643 570 693 prosperita.
605 667 662 672 —-
694 643 749 684 Di
783 645 923 684 Roma
956 659 979 684 a
1011 645 1164 686 XXIX.
1199 646 1242 686 di
1277 646 1464 688 Ottobre
1508 648 1773 690 MDLXXX.
1819 651 1873 691 Di

63 707 178 741 ostra
211 699 410 755 Signoria
445 702 825 744 Reverendissima
872 703 1011 746 Come
1056 705 1245 746 Fratello
1285 706 1537 748 Tholomeo
1581 708 1783 750 Cardinal
1829 712 1872 751 di

160 841 307 884 Farlati,
334 841 531 888 Illyricum,
558 843 726 888 Sacrum,
753 845 796 879 V.
826 848 906 882 614.

348 1017 441 1057 139.
474 1008 599 1058 1580,
633 1016 683 1045 12
716 1005 980 1054 Novembms,
1014 1008 1189 1060 Fragae
1221 1006 1519 1059 (Ohamucen).

157 1099 374 1141 Rudolfus
425 1101 666 1153 Imperator
706 1103 945 1152 Romanus,
998 1103 1260 1158 Hungariae,
1310 1104 1519 1145 Boemiae
1571 1112 1613 1145 et
1667 1104 1866 1147 Croatiae

61 1184 104 1219 X,
138 1170 353 1225 Gregorio
386 1173 428 1213 P
461 1173 570 1213 XIII
604 1176 863 1225 petitionem
898 1174 1126 1216 Stanislavi
1162 1176 1352 1216 Paulovii
1386 1175 1699 1218 Olomucensis
1728 1178 1865 1217 archi-

41 1243 211 1295 piscopi
245 1257 324 1295 pro
357 1245 548 1298 reliquiis
583 1246 638 1286 de
672 1248 845 1287 ossibus
881 1246 957 1289 SS.
993 1246 1057 1299 Cy
1062 1248 1138 1287 rilli
1175 1256 1215 1288 et
1248 1248 1479 1298 Methodii‚
1532 1262 1644 1302 quae
1695 1248 1863 1317 Romae

47 1313 270 1355 elitescere
304 1316 517 1366 dicuntur,
551 1318 848 1359 commendat

153 1386 409 1427 Beatissimo
444 1389 486 1428 in
520 1388 690 1430 Christo
725 1391 846 1437 Patri,
870 1391 1062 1433 Domino
1098 1393 1312 1446 Gregorio
1350 1393 1670 1440 decimotertio,
1717 1393 1863 1433 divina

43 1447 295 1500 rovidentia‚
328 1446 512 1494 Sanctae
548 1449 770 1492 Romanae
803 1464 853 1490 ac
888 1452 1150 1494 Universalis
1183 1453 1410 1494 Ecclesiae
1432 1451 1621 1494 Summo
1645 1452 1861 1502 Pontifici,

57 1509 206 1551 omino
240 1509 616 1557 reverendissimo.

149 1570 402 1616 Beatissime
436 1578 476 1616 in
511 1575 681 1618 Christo
714 1577 839 1617 Pater
873 1579 915 1616 et
959 1572 1149 1616 Domine
1195 1573 1571 1614 reverendissime.
1623 1572 1727 1612 Post
1780 1573 1859 1613 hu-

58 1632 156 1674 ilem
191 1636 625 1677 commendationem
678 1637 815 1676 filialis
867 1637 1168 1676 observantiae
1221 1635 1479 1674 continuum
1533 1635 1857 1673 incrementum

44 1694 233 1734 auctitati
267 1694 446 1736 Vestrae
480 1698 675 1748 inprimis
708 1705 924 1748 optamus.
958 1695 1070 1737 Ossa
1103 1696 1302 1735 divorum
1353 1692 1500 1745 Cyrilli
1552 1700 1594 1732 et
1644 1691 1858 1732 Methodii

36 1754 318 1807 piscoporum
353 1760 484 1806 sacra,
519 1758 591 1809 qui
625 1756 759 1796 fidem
796 1756 1055 1796 catholicam
1090 1757 1132 1794 in
1167 1754 1468 1794 marchionatu
1513 1761 1663 1793 nostro
1716 1752 1858 1792 Mora-

35 1813 100 1854 iae
133 1814 390 1866 docuerunt,
420 1817 588 1867 Romae
622 1816 878 1857 delitescere
911 1817 1176 1866 accepimus.
1210 1814 1274 1854 Ea
1307 1826 1403 1854 ossa
1458 1812 1739 1861 reverendus,
1784 1812 1858 1852 de-

36 1879 146 1921 otus,
179 1869 320 1916 fidelis
353 1877 481 1916 nobis
515 1876 702 1917 dilectus
737 1875 976 1916 Stanislaus
1010 1875 1254 1922 Paulovius‚
1288 1875 1526 1925 episcopus
1572 1871 1858 1913 Olomucien-

34 1933 78 1985 ’5,
100 1935 221 1976 cuius
254 1937 296 1975 in
331 1936 524 1976 dioecesi
558 1936 714 1976 colitur
747 1943 787 1976 et
822 1936 1064 1976 celebratur
1109 1935 1343 1986 quotannis
1395 1932 1551 1972 horum
1593 1931 1856 1973 Sanctorum

37 1994 234 2045 'emoria,
265 1996 321 2036 ad
355 2003 660 2036 ornamentum
708 2003 749 2035 et
799 1995 1049 2035 thesaurum
1104 1994 1318 2033 ecclesiae
1369 2005 1473 2032 suae
1506 1992 1635 2032 valde
1676 1993 1857 2044 expetit,

33 2064 146 2107 aque
178 2055 234 2095 de
267 2068 312 2095 re
345 2056 505 2096 litteras
537 2056 592 2096 ad
628 2054 913 2096 Sanctitatem
950 2055 1150 2094 Vestram
1186 2054 1288 2093 dare
1320 2053 1554 2092 constituit.
1577 2051 1688 2092 Cum
1711 2053 1856 2104 itaque

34 2113 98 2153 ius
130 2116 327 2168 episcopi
361 2117 402 2155 in
435 2115 578 2156 Deum
615 2123 657 2155 et
689 2117 731 2155 in
765 2128 910 2154 veram
946 2115 1204 2167 religionem
1240 2112 1514 2160 catholicam,
1547 2124 1679 2164 quam
1722 2111 1856 2151 afflic-

39 2185 59 2214 s
91 2173 156 2215 his
188 2176 462 2228 temporibus
495 2179 587 2227 'pro
632 2175 738 2214 virili
792 2172 1015 2228 (viribus?)
1067 2175 1174 2213 tueri
1227 2180 1269 2212 et
1320 2183 1565 2224 propagare
1617 2171 1856 2221 contendit,

32 2233 161 2275 rdens
193 2235 387 2275 studium
422 2242 464 2275 et
496 2237 538 2274 in
573 2234 857 2275 Sanctitatem
892 2234 1093 2274 Vestram
1130 2235 1337 2285 pietatem
1371 2232 1636 2285 singularem
1666 2231 1855 2283 esplora-

57 2307 98 2334 m
134 2294 386 2344 habeamus,
419 2295 622 2335 volumus
668 2301 714 2334 ut
765 2295 799 2334 is
852 2293 1076 2334 Sanctitati
1131 2293 1314 2333 Vestrae
1365 2291 1451 2331 hoc
1502 2292 1682 2331 nomine
1733 2297 1854 2330 tanto

50 2355 144 2407 agis
177 2355 573 2395 commendaretur.
606 2353 674 2394 Ae
708 2361 941 2406 propterea
974 2365 1181 2406 rogamus
1215 2351 1500 2392 Sanctitatem
1536 2351 1739 2391 Vestram
1780 2363 1854 2402 pe-

52 2421 230 2463 manter,
264 2421 309 2454 ut
342 2416 433 2454 eius
467 2415 663 2465 petitioni
711 2427 791 2465 pro
825 2426 902 2453 sua
936 2414 1170 2463 praestanti
1204 2413 1399 2451 bonitate
1450 2417 1611 2450 annuat
1663 2417 1704 2450 et
1755 2423 1855 2450 ossa

37 2474 227 2514 ominata
259 2474 314 2514 ad
348 2474 711 2514 aedeficationem
745 2473 898 2524 populi
931 2472 1138 2512 Moravici
1174 2478 1216 2511 et
1249 2472 1459 2511 maiorem
1495 2471 1587 2510 eius
1620 2471 1662 2509 in
1708 2469 1852 2510 Deum

35 2532 171 2572 ultum
206 2534 264 2573 illi
298 2533 526 2574 concedat.
560 2533 649 2573 Erit
682 2533 789 2572 haec
824 2531 1072 2573 Sanctitatis
1106 2531 1289 2571 Vestrae
1322 2531 1568 2583 benignitas
1601 2536 1643 2569 et
1664 2542 1854 2581 propen—

29 2591 69 2632 '0
102 2593 182 2644 ipsi
215 2592 312 2633 Deo
345 2595 388 2632 in
421 2594 571 2645 primis
604 2600 739 2646 grato,
771 2593 900 2632 nobis
945 2605 1060 2640 vero,
1094 2592 1167 2644 qui
1219 2589 1446 2631 Sanctitati
1479 2589 1661 2629 Vestrae
1707 2590 1854 2629 omnia

37 2663 213 2704 rospera
240 2654 412 2693 evenire
463 2660 505 2693 et
537 2653 685 2692 animo
720 2653 934 2704 cupimus,
968 2664 1181 2704 perquam
1214 2656 1406 2702 accepta.

145 2711 279 2765 Praga
311 2719 458 2752 nostra
491 2713 608 2765 regia
639 2711 729 2751 XII.
763 2711 1040 2759 Novembris,
1072 2723 1187 2750 anno
1222 2710 1390 2749 domini
1425 2708 1666 2749 Servatoris
1717 2710 1852 2747 nostri

70 2769 272 2825 illesimo)
307 2773 609 2824 octuagesimo
643 2783 879 2824 regnorum
913 2778 1162 2810 nostrorum
1197 2770 1383 2809 Romani
1419 2776 1460 2808 et
1503 2768 1676 2820 Imperii
1711 2774 1853 2817 sexto,

50 2832 252 2884 ungariae
284 2844 416 2880 nono,
448 2831 685 2871 Bohemiae
718 2844 820 2870 vero
855 2837 996 2870 sexto.

147 2889 411 2943 Obsequens
444 2890 571 2941 filius.
1329 2887 1545 2927 Rudolfus
1580 2899 1633 2925 m.
1669 2899 1708 2937 p.

146 2948 400 2990 Wratislaus
433 2964 456 2989 a
488 2950 723 2990 Pernestan

148 3006 389 3061 Supremus
422 3009 563 3062 Regni
594 3010 800 3049 Boemiae
834 3007 1137 3050 Cancellarius.

1634 3085 1761 3098 ⁷7-.

30 3138 67 3178 83
95 3135 169 3172 Cfr
196 3137 264 3173 Th.
290 3137 539 3172 Wiezzlovski
567 3138 602 3170 in
630 3137 824 3182 periodico
852 3137 1029 3180 polonico
1058 3137 1273 3171 Atheneum
1301 3134 1353 3169 IX
1382 3135 1507 3179 (1881)
1535 3138 1559 3167 t.
1589 3133 1647 3167 III.
1783 3178 1815 3203 *S
