2191 3434
664 312 1215 355 Glagolito-Romanae
1241 312 1334 347 XIX.
1361 323 1390 347 s.
1788 314 1832 348 73

99 458 126 498 l.
150 457 191 498 P.
222 458 277 497 M.
301 457 446 496 fratres
481 458 668 507 optimos
702 457 880 499 Romam
915 457 1176 496 contendere
1204 458 1406 503 iussisset,
1442 458 1466 496 ii
1501 458 1590 496 sine
1614 459 1879 497 cunctatione

103 517 304 567 imperata
337 516 476 555 tacere
511 517 739 565 instituunt,
774 527 1086 565 romanumque
1121 517 1195 555 iter
1229 517 1419 554 alacriter
1453 517 1646 565 ingressi,
1681 517 1879 566 reliquias

102 575 142 616 S.
166 575 399 615 Clementis
433 587 579 615 secum
615 575 839 614 advehunt.
876 575 979 624 Quo
1004 576 1165 623 nuntio,
1201 575 1441 613 Hadrianus
1465 575 1519 622 ll.‚
1557 576 1627 624 qui
1662 576 1701 614 in
1736 576 1878 614 locum

103 635 268 674 NiColai
304 634 514 673 demortui
548 634 680 673 fuerat
713 634 934 682 suffectus,
971 634 1099 674 Clero
1135 635 1392 683 popoloque
1427 635 1673 681 comitante,
1709 635 1876 673 obviam

102 706 256 744 magna
299 705 395 732 cum
445 694 623 732 honoris
667 693 975 743 significatione
1024 693 1297 743 progreditur
1346 693 1586 742 hospitibus
1635 693 1878 733 illustribus.

99 753 275 803 Corpus
321 751 360 792 S.
391 752 623 792 Clementis
669 754 834 803 magnis
875 752 1088 801 extemplo
1134 753 1342 802 prodigiis
1377 752 1654 800 nobilitatum,
1699 753 1879 791 solemni

98 813 225 851 ducta
260 824 433 862 pompa,
468 812 638 851 inlatum
674 816 734 851 est
768 813 808 851 in
843 812 1060 850 Basilicam
1102 811 1253 850 iisdem
1288 812 1473 861 vestigiis
1504 815 1701 861 paternae
1725 811 1880 850 domus

100 873 290 923 martyris
323 872 580 910 invictissimi
616 871 964 910 Constantiniano
998 874 1192 920 tempore
1228 871 1456 910 excitatam.
1494 870 1662 909 Deinde
1697 870 1879 921 Cyrillus

101 934 141 970 et
163 930 410 970 Methodius
444 930 497 970 de
532 942 707 969 munere
741 931 996 980 apostolico,
1032 931 1070 968 in
1107 942 1193 980 quo
1230 933 1370 968 essent
1403 934 1545 969 sancte
1575 930 1880 979 laborioseque

99 991 262 1037 versati,
298 989 350 1029 ad
387 989 634 1030 Pontificem
674 990 918 1037 Maximum,
954 990 1165 1028 assidente
1201 988 1344 1036 Clero‚
1379 989 1575 1029 referunt.
1611 989 1656 1027 Et
1678 990 1878 1039 quoniam

99 1049 253 1089 fecisse
287 1052 431 1088 contra
465 1050 643 1088 instituta
678 1050 884 1087 maiorum
908 1049 1230 1099 religionesque
1265 1049 1548 1087 sanctissimas
1577 1049 1877 1098 arguebantur,

100 1108 221 1159 quod
256 1120 499 1147 sermonem
535 1107 805 1147 Slavonicum
840 1109 879 1147 in
915 1108 1210 1158 perfunctione
1244 1120 1468 1147 munerum
1504 1119 1722 1146 sacrorum
1758 1119 1878 1146 usur-

101 1169 325 1218 pavissent,
370 1179 540 1206 eausam
587 1167 730 1207 dixere
773 1169 1019 1214 rationibus,
1066 1171 1147 1206 tam
1192 1168 1314 1206 certis
1347 1170 1518 1217 tamque
1559 1167 1804 1214 illustribus,
1839 1170 1880 1205 ut

102 1227 293 1266 Pontifex
324 1230 524 1277 totusque
548 1226 700 1266 Clerus
735 1230 773 1265 et
806 1227 1012 1266 laudarint
1044 1227 1240 1266 homines
1271 1230 1309 1265 et
1330 1227 1560 1276 probarint.
1595 1227 1700 1264 Tum
1736 1226 1878 1273 ambo,

100 1286 215 1326 dicto
263 1298 312 1325 ex
356 1286 538 1325 formula
582 1286 815 1325 catholicae
864 1286 1144 1336 professionis
1191 1289 1470 1333 sacramento,
1519 1286 1725 1335 iuratique
1759 1297 1804 1324 se
1839 1286 1878 1324 in

99 1345 186 1385 fide
220 1346 329 1385 beati
365 1346 470 1385 Petri
506 1348 544 1385 et
578 1345 828 1385 Pontificum
876 1346 1165 1387 Romanorum
1213 1357 1530 1395 permansuros,
1578 1345 1777 1394 Episcopi
1825 1345 1877 1383 ab

101 1405 197 1456 ipso
232 1405 449 1444 Hadriano
485 1405 609 1444 creati
645 1406 967 1455 consecratique
1005 1408 1101 1444 sunt
1135 1405 1368 1455 pluresque
1391 1417 1441 1445 ex
1483 1404 1702 1454 discipulis
1730 1416 1878 1443 eorum

102 1464 301 1504 ordinum
337 1464 541 1515 gradibus
575 1465 730 1504 initiati.

245 1526 264 1572 ἓ
299 1525 337 1564 6.
373 1524 465 1563 Erat
504 1527 642 1563 tamen
677 1524 895 1574 provisum
931 1523 1139 1571 divinitus,
1187 1528 1230 1562 ut
1263 1521 1446 1575 Cyrillus
1482 1524 1639 1565 Romae
1675 1522 1880 1561 conderet

99 1584 204 1622 vitae
241 1595 412 1622 cursum
447 1595 558 1622 anno
594 1583 879 1623 DCCCLXIX
913 1583 979 1622 die
1014 1583 1103 1622 XIV
1138 1583 1364 1629 Februarii,
1398 1583 1545 1621 virtute
1581 1582 1716 1631 magis
1750 1593 1878 1631 quam

101 1646 232 1682 aetate
279 1646 478 1682 maturus.
525 1640 664 1681 Elatus
711 1646 772 1681 est
804 1643 950 1681 funere
997 1640 1173 1692 publico
1209 1642 1527 1691 magnificoque
1562 1644 1775 1691 apparatu,
1824 1652 1875 1679 eo

103 1702 212 1752 ipso,
249 1714 335 1751 quo
372 1702 598 1741 Pontifices
633 1702 808 1743 Romani
844 1700 994 1749 solent,
1031 1702 1122 1740 etin
1143 1699 1361 1751 supulcro,
1398 1701 1517 1750 quod
1541 1701 1620 1739 sibi
1641 1700 1879 1739 Hadrianus

102 1764 349 1809 extruxerat,
400 1761 717 1811 perhonorifice
767 1762 1047 1811 compositus.
1100 1760 1273 1800 Sacrum
1324 1760 1508 1799 defuncti
1558 1771 1729 1809 corpus,
1783 1759 1879 1808 quia

103 1819 522 1870 Constantinopolim
570 1821 774 1870 asportari
821 1819 1010 1870 populus
1056 1832 1258 1859 romanus
1292 1832 1377 1858 non
1425 1819 1604 1869 pertulit,
1653 1819 1878 1868 quamquis

102 1880 286 1930 parentis
320 1881 629 1919 moestissImae
665 1880 880 1919 desiderio
906 1881 1147 1929 expetitum,
1183 1879 1414 1918 deductum
1450 1882 1511 1917 est
1552 1878 1603 1916 ad
1628 1878 1756 1916 sancti
1783 1875 1878 1916 Cle-

101 1939 267 1987 mentis,
303 1942 426 1989 atque
460 1939 586 1978 huius
619 1951 756 1989 prope
781 1940 946 1978 cineres
970 1939 1209 1986 conditum;
1235 1950 1345 1988 quos
1366 1936 1546 1989 Cyrillus
1566 1938 1656 1987 ipse
1679 1941 1738 1975 tot
1761 1937 1879 1975 annis

100 1998 432 2037 venerabundus
478 2002 771 2037 asservaverat.
820 1998 1018 2048 Cumque
1051 1998 1274 2037 veheretur
1307 2010 1383 2047 per
1418 1997 1577 2036 Urbem
1612 1997 1716 2035 inter
1748 1995 1879 2034 festos

102 2055 365 2107 psalmorum
414 2062 572 2105 cantus,
619 2070 706 2096 non
741 2062 821 2096 tarn
865 2058 1023 2096 funeris
1058 2070 1184 2107 quam
1218 2057 1417 2106 triumphi
1453 2068 1625 2106 pompa,
1671 2056 1785 2094 v1sus
1819 2058 1880 2093 est

102 2114 292 2167 populus
311 2129 513 2156 romanus
529 2115 753 2155 libamenta
774 2118 989 2155 honorum
1010 2114 1252 2155 caelestium
1269 2117 1357 2154 viro
1376 2116 1642 2155 sanctissimo
1663 2112 1877 2153 detulisse.

245 2179 264 2224 ς’
300 2178 337 2215 7.
375 2177 492 2215 l-laec
527 2176 598 2215 ubi
621 2180 722 2224 acta,
758 2176 1005 2215 Methodius
1030 2177 1146 2215 iussu
1167 2176 1454 2225 auspiciisque
1476 2174 1690 2213 Pontificis
1709 2173 1877 2212 Maximi

100 2235 154 2274 ad
189 2239 392 2274 consueta
427 2233 650 2285 apostolici
671 2236 857 2274 muneris
889 2236 1026 2274 officia
1052 2236 1090 2274 in
1115 2236 1346 2274 Moraviam
1371 2235 1604 2284 episcopus
1627 2233 1876 2282 remigravit.

102 2295 143 2334 {n
178 2306 225 2334 ea
270 2296 486 2345 provincia
531 2295 663 2334 factus
711 2295 845 2334 forma
880 2296 1024 2344 gregis
1058 2307 1108 2333 ex
1142 2295 1282 2333 animo
1319 2295 1376 2332 rei
1412 2291 1644 2332 catholicae
1680 2292 1877 2331 inservire

103 2354 262 2393 maiore
309 2355 348 2392 in
384 2354 475 2393 dies
518 2354 659 2393 studio
695 2355 852 2402 institit;
888 2355 1072 2393 factiosis
1106 2366 1245 2392 rerum
1280 2365 1485 2392 novarum
1521 2352 1778 2393 auctoribus,
1825 2362 1877 2389 ne

102 2411 357 2452 catholicum
403 2425 561 2452 nomen
612 2414 864 2463 opinionum
914 2414 1071 2452 insania
1115 2411 1409 2459 labefacerent,
1460 2412 1618 2450 fortiter
1663 2412 1877 2456 resistcre3

103 2470 441 2522 Suentopolcum
465 2473 714 2522 principem,
741 2474 810 2522 qui
832 2471 1054 2514 Rastilaum
1081 2476 1315 2522 exceperat,
1341 2472 1392 2510 ad
1413 2470 1665 2520 religionem
1690 2470 1876 2511 erudire:

104 2526 392 2581 eumdemque
414 2532 600 2570 officium
622 2532 888 2571 deserentem
909 2533 1156 2579 admonere,
1192 2533 1423 2581 increpare,
1462 2531 1632 2569 demum
1658 2540 1875 2568 sacrorum

102 2590 396 2630 interdictione
440 2592 603 2641 punire.
652 2592 728 2630 l-lis
774 2591 826 2631 de
874 2592 1012 2630 causis
1059 2591 1254 2629 invidiam
1303 2591 1466 2639 excepit
1511 2589 1707 2627 teterrimi
1751 2592 1875 2636 atque

103 2649 374 2699 impurissimi
420 2651 592 2701 tyranni,
640 2662 661 2689 a
696 2662 783 2700 quo
831 2654 946 2689 actus
981 2654 1041 2689 est
1076 2651 1112 2689 in
1162 2648 1343 2688 exilium.
1392 2648 1475 2688 Sed
1522 2647 1734 2697 aliquanto
1781 2650 1878 2695 post

104 2709 314 2748 restitutus
347 2710 603 2759 tempestivis
637 2709 1003 2749 adhortationibus
1038 2710 1280 2759 impetravit,
1318 2712 1358 2746 ut
1393 2708 1532 2746 mutati
1567 2707 1690 2746 animi
1726 2706 1876 2744 indicia

104 2769 304 2817 princeps
338 2768 494 2816 ederet,
540 2770 843 2818 pristinamque
879 2768 1234 2807 consuetudinem
1269 2779 1384 2806 novo
1418 2768 1523 2805 vitae
1559 2766 1691 2804 modo
1728 2764 1874 2803 redimi

104 2824 351 2875 intelligeret
397 2831 610 2877 oportere.
658 2826 760 2867 Illud
805 2840 907 2867 vero
944 2831 1004 2866 est
1053 2825 1255 2873 mirabile,
1305 2826 1423 2875 quod
1457 2823 1635 2873 vigilans
1670 2823 1875 2862 Methodii

104 2887 263 2934 caritas,
298 2890 578 2936 praetervecta
614 2888 826 2926 Moraviae
862 2888 980 2933 fines,
1028 2888 1134 2925 sicut
1172 2886 1394 2935 superstite
1430 2882 1587 2934 Cyrillo
1625 2883 1873 2921 Liburnicos

103 2948 143 2983 et
175 2944 343 2984 Serv10s
378 2947 606 2995 attingerat‚
643 2947 692 2985 ita
727 2958 839 2985 nunc
874 2946 1117 2984 Pannonios
1146 2942 1521 2993 complectebatur.
1558 2953 1740 2990 quorum
1765 2941 1874 2989 priu-
1906 2955 1910 2961 ·

103 3004 257 3053 cipem,
283 3003 491 3044 Cocelum
517 3006 690 3044 nomine
710 3005 761 3044 ad
783 3003 1033 3053 religionem
1059 3002 1308 3042 catholicam
1335 3002 1580 3046 informavit,
1607 3004 1644 3038 et
1668 3001 1705 3037 in
1732 2998 1873 3037 officio

105 3064 286 3102 retinuit:
323 3067 360 3102 et
395 3062 614 3113 Bulgaros,
651 3076 762 3114 quos
796 3065 914 3113 ipsos
949 3075 1043 3101 cum
1080 3074 1180 3109 rege
1216 3073 1363 3100 eorum
1400 3060 1556 3107 ssogori
1593 3060 1630 3097 in
1667 3058 1748 3096 fide
1768 3057 1874 3095 chri-

105 3122 222 3160 stiani
269 3123 452 3162 nominis
499 3124 778 3161 confirmavit:
815 3128 853 3161 et
895 3120 1107 3161 Dalmatas
1147 3121 1402 3169 quibuscum
1439 3116 1630 3157 caelestia
1675 3115 1875 3165 partiebat

105 3182 532 3231 communicabatque
568 3183 834 3229 charismata3
870 3185 908 3219 et
933 3180 1184 3220 Carinthios.
1221 3180 1258 3217 in
1295 3178 1450 3227 quibus
1475 3177 1525 3215 ad
1548 3177 1670 3214 unius
1688 3175 1772 3213 veri
1794 3174 1871 3212 Dei

104 3240 289 3279 notitiam
326 3238 571 3290 cultumque
606 3241 861 3279 traducentis
896 3238 1123 3289 plurimum
1159 3236 1397 3276 elaboravit.
