2243 3444
391 130 435 161 32
1118 124 1573 167 Fontcsliturgiae

391 271 574 324 gothicis
609 273 648 309 in
682 271 943 310 Monasterio
989 284 1019 310 s.
1053 269 1209 309 Mariae
1244 269 1298 308 de
1333 268 1451 308 Otok
1496 269 1612 319 apud
1645 269 1879 309 Korculam
1913 271 1954 309 in
1990 272 2214 311 omoniina

391 343 529 382 insula
561 342 736 382 Ordinis
770 341 985 381 Minorum
1038 340 1080 380 S.
1114 340 1343 387 Francisci,
1393 353 1417 379 a
1450 340 1649 379 fratribus
1682 353 1705 379 e
1738 340 1965 380 Bosniensi
1998 341 2216 382 Vicariatu

391 425 504 452 anno
542 414 653 453 1394
686 412 879 464 profugis
913 420 1071 458 erecto,
1103 418 1307 462 tanquam
1343 410 1688 450 additamentum
1722 411 1778 450 ad
1810 411 1982 451 Missale
2015 411 2217 452 Latinum

396 484 554 523 eodem
589 491 786 534 tempore
819 495 868 521 ac
902 483 1050 522 litteris
1084 482 1364 532 descriptum,
1398 482 1694 521 conscribitur.

534 564 575 596 F.
604 563 730 596 Radic'.
759 563 991 596 Bruchstuck
1037 563 1140 595 eines
1185 561 1446 595 altslavischen
1484 561 1841 596 handschriftlichcn
1884 562 2126 606 Evangeliars
2151 563 2218 596 mit

395 611 590 644 Vorredcn
619 611 692 643 und
720 611 767 643 &x
772 609 1014 643 eihesormeln
1043 610 1079 642 in
1106 609 1321 653 gothische1
1349 608 1487 642 Schrift
1513 619 1579 642 aus
1605 609 1673 643 der
1710 609 1920 644 Bibliothek
1948 609 2016 643 des
2052 610 2219 644 Franzis-
2240 641 2243 647 ,

393 659 670 691 kancrklosters
710 658 745 690 in
772 657 884 691 Badia
912 657 971 689 bei
998 657 1064 690 der
1092 656 1201 690 Stadt
1242 656 1493 690 Curzola.1n
1529 656 1783 699 Ephemeride
1820 656 2218 691 Wissenschaftlichen

393 704 676 749 Mittheilungen
705 715 769 738 aus
796 704 960 738 Bosnien
988 704 1063 737 und
1093 703 1160 736 del
1187 704 1451 748 Hercegovina
1476 704 1507 737 11
1535 703 1599 737 Bd
1628 703 1749 748 (1894)
1777 715 1812 747 p.
1841 707 1907 739 179
1933 715 1981 738 ss
2078 706 2081 709 “

761 872 850 912 134.
885 859 982 899 XV
1005 872 1037 899 s.
1072 858 1249 904 ineunte,
1283 858 1327 898 in
1359 858 1492 898 lstrz'a
1523 859 1592 899 vel
1626 857 1861 899 Dalmatia.

532 943 703 983 Missale
738 942 1053 995 Glagoliticum
1087 941 1492 995 Kukuljevicianum
1527 943 1759 982 initialibus
1791 943 1977 983 miniatis
2010 943 2219 982 illumina-

391 1022 480 1053 tum
516 1015 808 1053 conscribitur.

531 1082 768 1127 KukulJevic,
809 1083 948 1127 Jugosl.
975 1082 1160 1127 knjiinica
1181 1083 1205 1116 Ι.
1230 1082 1479 1127 Kukuljevic'a
1511 1082 1771 1128 Sakcinskoga
1800 1082 1942 1128 Zagreb
1971 1083 2071 1122 1867,
2100 1093 2136 1126 p.
2163 1083 2217 1117 16.

758 1226 845 1267 135.
879 1213 974 1254 XV
998 1227 1030 1254 s.
1065 1213 1241 1261 ineunte,
1277 1213 1319 1253 in
1352 1213 1485 1254 [stria
1516 1214 1586 1254 vel
1611 1213 1847 1254 Dalmatia.

531 1310 789 1350 Breviarium
843 1309 1152 1363 Glagoliticum
1185 1309 1609 1361 Kukuljevicianum,
1641 1310 1763 1363 quod
1806 1311 1848 1349 in
1889 1311 2113 1350 omonima
2145 1309 2222 1350 Za-

392 1383 606 1434 gabriensi
653 1380 921 1421 Bibliotheca
980 1387 1220 1420 asservatur
1272 1381 1375 1420 folio
1429 1381 1599 1420 mediae
1663 1381 1972 1434 magnitudinis
2032 1382 2222 1421 conscri-

391 1455 514 1493 bitur.

531 1522 575 1555 V.
598 1521 710 1566 Jagic',
738 1521 906 1566 Primjeri
931 1521 1151 1555 starohrvat.
1176 1521 1298 1566 jezika
1325 1520 1467 1566 Zagreb
1495 1523 1586 1555 1866
1612 1532 1647 1564 p.
1676 1524 1730 1556 39.

841 1680 935 1727 136.
968 1676 1063 1716 XV
1088 1691 1120 1717 s.
1154 1676 1330 1723 ineunte,
1364 1676 1408 1717 in
1441 1676 1582 1716 insula
1625 1676 1785 1729 Veglae.

532 1773 703 1812 Missale
750 1763 1059 1825 Glagoliticum
1097 1772 1326 1825 Veglense,
1376 1757 1731 1812 adnotationibus
1782 1773 1837 1811 ab
1871 1785 1985 1812 anno
2025 1773 2130 1812 1471
2166 1773 2239 1812 ad

398 1846 508 1883 1488
542 1845 809 1892 illustratum,
842 1844 962 1895 quod
998 1845 1037 1882 in
1073 1844 1339 1883 Bibliotheca
1361 1843 1544 1896 Collegii
1578 1843 1738 1884 Urbani
1772 1843 1897 1895 Prop.
1931 1843 2051 1883 Fidei
2085 1850 2243 1894 asser-}

393 1923 524 1962 vatur,
558 1916 853 1954 conscribitur.

533 1995 771 2040 Kukuljevffi,
798 1995 912 2029 Arkiv
953 2006 993 2029 za
1020 1995 1261 2039 povjcstnicu
1297 1995 1484 2039 jugoslov.
1513 1995 1574 2035 IV,
1602 1995 1802 2039 Zagabriac
1830 1997 1919 2029 1857
1949 2005 1984 2038 p.
2011 1997 2078 2028 373
2105 1994 2221 2029 adno-

398 2044 559 2077 tationes
586 2042 816 2087 glagoliticas
842 2042 1019 2076 referens.

969 2209 1056 2251 137.
1090 2198 1187 2238 XV
1210 2211 1254 2245 s.,
1286 2198 1444 2238 Bescae
1485 2197 1649 2250 Veglen.

535 2292 750 2333 Statutum
786 2292 1154 2333 Confraternitatis
1189 2292 1230 2333 S.
1265 2293 1449 2344 Spiritus
1482 2293 1643 2333 Bescae
1678 2293 1908 2346 Veglensis
1949 2294 2222 2342 dioeceseos,

395 2366 515 2403 cuius
550 2364 750 2403 codicem
787 2365 1039 2416 originalem
1088 2364 1138 2403 V.
1180 2365 1393 2404 Premuda
1443 2365 1675 2413 adinvenit,
1710 2365 1854 2417 lingua
1901 2366 2090 2405 croatica
2122 2364 2220 2404 cha—

395 2436 627 2473 racteribus
662 2448 762 2474 vero
797 2435 1056 2487 glagotiticis
1090 2436 1340 2475 confectum
1375 2444 1450 2475 est.

534 2515 557 2548 Ι,
587 2514 757 2553 Milcctic'‚
784 2514 912 2548 Prilozi
951 2527 991 2549 za
1017 2517 1208 2549 literaturu
1234 2516 1441 2561 glagolskih
1479 2516 1713 2560 spomenika‚
1747 2516 1893 2551 Starinc
1927 2516 2067 2561 Jugosl.
2097 2515 2217 2550 Akad.

396 2561 503 2594 XXV
533 2561 664 2606 (1892),
695 2565 759 2596 138
786 2574 832 2595 ss.

734 2696 827 2743 138.
860 2694 899 2733 λ
919 2694 957 2733 [⁷
980 2708 1025 2741 3.,
1063 2693 1214 2735 Curiae
1245 2695 1493 2734 lnszclarum
1530 2694 1879 2748 Justinopolitan.

537 2776 760 2826 Inscriptio
795 2776 1039 2829 glagolitica
1089 2779 1129 2816 in
1165 2779 1440 2830 receptaculo
1492 2779 1667 2830 lapideo
1710 2792 1789 2830 pro
1839 2767 2109 2819 asserirandis
2143 2777 2220 2819 SS.

395 2844 514 2884 Oleis
548 2853 646 2896 post
679 2847 807 2885 altare
841 2849 976 2886 maius
1022 2850 1061 2886 in
1097 2849 1279 2888 ecclesia
1312 2849 1545 2900 parochiali
1579 2848 1731 2890 Curiae
1782 2850 2020 2889 Insularum
2073 2848 2220 2902 (Corte

396 2913 577 2967 d'Iscla)
611 2929 748 2967 prope
782 2917 1046 2968 Pyrrhanum
1083 2920 1121 2957 in
1156 2920 1349 2960 dioecesi
1377 2921 1749 2973 Justinopolitana.

535 2996 642 3029 iuxta
669 2998 923 3041 apographum
953 2999 995 3032 A.
1024 2999 1137 3033 Kalac
1165 3000 1296 3034 decani
1323 3000 1573 3046 Pinquentini.
