2191 3434
543 275 1148 321 Glagolito-Romanae
1186 278 1278 312 XIX.
1307 288 1336 313 s⁴
1710 282 1772 314 15?

41 419 174 462 molto
208 424 354 472 tempo
390 422 423 460 si
457 424 573 460 trova
617 421 684 472 gia
727 423 765 460 in
811 433 891 461 uso
936 434 1086 472 presso
1134 421 1171 462 le
1218 423 1361 462 chiese
1407 435 1428 462 e
1472 424 1508 463 le
1554 424 1739 475 famiglie
1780 426 1819 464 di

40 483 227 532 Ragusa3
263 493 285 520 e
320 493 466 532 prega,
501 481 606 520 Esso
642 483 763 523 R.1no
799 481 1071 521 Ordinariato
1107 482 1147 520 di
1171 482 1401 522 accordare
1427 481 1464 522 la
1487 484 1643 523 chiesta
1669 487 1819 534 grazia,

40 540 306 581 osservando
342 541 421 580 che
456 542 495 579 in
530 539 581 579 tal
628 541 762 580 modo
797 541 829 580 si
865 541 1219 591 provvederebbe
1267 542 1302 580 al
1344 543 1454 581 bene
1501 542 1715 593 spirituale
1754 545 1819 583 dei

40 600 276 649 medesimi‚
331 613 352 640 e
393 601 425 639 si
469 598 739 650 toglierebbe
793 604 1299 651 contemporaneamente
1349 599 1536 641 l'abuso
1590 603 1819 643 introdotto

40 659 187 700 l'anno
224 660 409 699 decorso
445 659 486 699 di
521 660 605 699 fare
641 664 788 710 questa
823 660 1050 699 divozione
1086 661 1124 699 in
1162 661 1328 699 italiano
1364 673 1514 711 presso
1551 674 1632 701 una
1664 663 1819 710 chiesa,

41 732 120 759 ove
154 732 324 770 sempre
357 723 456 759 tutte
491 717 528 759 le
573 720 760 770 pratiche
806 717 1008 770 religiose
1052 721 1084 759 si
1119 719 1262 759 fecero
1310 721 1349 759 in
1384 719 1514 761 slavo,
1551 720 1820 761 Dall'ufficio

40 779 287 830 parochiale
323 780 364 818 di
399 778 438 819 S.
475 778 691 830 ffimeone,
726 779 829 818 Zara
865 780 918 818 29
953 777 1097 829 Aprile
1140 781 1261 819 1856.

1006 863 1045 901 F.
1082 863 1251 902 Bianchi
1288 864 1467 913 pievano
1503 876 1700 914 parroco.

183 960 254 998 Nr.
292 959 389 999 594.
426 958 465 998 Si
491 961 650 998 reverte
683 956 950 997 insiemeall’
974 959 1170 1008 allegato,
1197 960 1464 999 annuendosi
1490 958 1566 999 alla
1592 960 1820 1008 domanda,

39 1020 145 1070 pero
181 1022 292 1058 sotto
328 1016 598 1058 l’immediata
632 1015 957 1068 responsabilita
983 1030 1003 1057 e
1027 1017 1319 1069 sorveglianza
1345 1019 1411 1058 del
1438 1024 1706 1070 rapportante
1743 1021 1821 1060 Ca-

38 1079 197 1119 nonico
234 1079 416 1117 Pievano
453 1078 494 1117 di
529 1077 568 1118 S.
592 1077 807 1117 Simeone.
844 1075 954 1116 Dall’
979 1077 1252 1118 Ordinariato
1294 1078 1607 1119 Arcivescovile
1643 1080 1683 1118 di
1719 1081 1820 1119 Zara

39 1139 65 1178 li
99 1139 168 1178 29.
205 1138 347 1188 Aprile
387 1139 509 1177 1856.

1005 1196 1174 1236 Scarich
1212 1199 1449 1248 provicario
1486 1197 1698 1248 generale.

41 1326 74 1361 N
155 1279 450 1361 8Authenticum
480 1279 515 1312 in
543 1278 706 1312 Archivo
734 1277 939 1322 parochiali
968 1277 1003 1312 S.
1034 1277 1220 1313 Simeonis
1248 1278 1436 1322 Jadrensis
1465 1279 1557 1313 Acta
1592 1280 1678 1314 anni
1721 1280 1822 1322 1856,

79 1337 105 1362 r.
131 1332 151 1362 0
183 1355 188 1363 .

592 1449 699 1491 59a.
739 1448 876 1498 1858,
913 1446 1060 1489 Elaea
1094 1446 1292 1489 Plzaren.

185 1544 352 1585 Curatia
387 1544 686 1594 independens
720 1544 842 1583 sslaea
876 1545 1029 1583 Eremo
1055 1543 1315 1594 Olagolitico
1343 1546 1564 1584 omonimo
1602 1546 1692 1588 (cfr.
1720 1545 1821 1584 XVI.

40 1629 72 1657 s.
98 1617 149 1656 N.
185 1617 239 1657 90
257 1629 301 1665 3,·
332 1616 450 1656 XVII.
487 1628 517 1655 s.
552 1616 603 1656 N.
646 1617 773 1663 1153)
809 1617 967 1662 unitur3
1013 1627 1063 1655 ex
1115 1628 1201 1666 quo
1251 1617 1403 1658 Rector
1449 1617 1640 1656 eiusdem
1688 1618 1821 1655 Eremi

41 1689 246 1728 curatoris
266 1689 498 1727 animarum
535 1685 618 1726 loci
654 1687 799 1726 officio
833 1687 1033 1736 fungitur.

186 1768 311 1804 Status
339 1768 550 1812 personalis
578 1769 613 1802 et
640 1767 768 1802 localis
798 1767 984 1804 dioecesis
1014 1768 1214 1804 pharensis
1242 1769 1393 1803 ineunte
1421 1768 1590 1811 MCMV,
1618 1780 1654 1813 p.
1673 1771 1728 1804 44.

675 1936 734 1977 64
759 1949 801 1978 cz.
841 1937 978 1988 1860,
1004 1935 1196 1991 jadrae.

186 2035 315 2073 Missa
349 2033 660 2073 Defunctorum
697 2031 1130 2084 Glagolito—Romana
1175 2046 1270 2073 cum
1316 2037 1437 2073 cantu
1483 2032 1689 2083 vulgatur*
1740 2035 1823 2073 hoc

42 2105 121 2146 sub
157 2105 300 2145 titulo:

185 2178 314 2216 Missa
348 2176 658 2216 Defunctorum
693 2188 789 2216 cum
824 2178 935 2216 notiS
969 2180 1115 2216 cantus
1140 2176 1395 2226 Gregoriani
1421 2176 1563 2225 lingua
1586 2176 1823 2215 veteroslo—

44 2237 204 2287 venica,
241 2237 383 2276 litteris
417 2236 686 2286 glagoliticis‚
722 2236 1034 2286 lithographice
1068 2237 1108 2275 in
1141 2234 1259 2275 folio.
1293 2235 1469 2286 jaderae
1509 2236 1633 2275 1860.

183 2317 237 2352 Ex
264 2317 509 2352 adnotatione
536 2316 742 2361 presbyteri
769 2316 811 2351 V.
840 2317 1050 2352 Premudae
1078 2316 1249 2352 Bescani.

275 2484 335 2526 64
357 2484 394 2527 b.
435 2484 572 2527 1860.
608 2483 782 2529 Romae
817 2485 860 2526 el
892 2483 1020 2539 apud
1050 2483 1214 2527 Slavos
1246 2483 1595 2526 MeridiOnaleS.

185 2581 346 2632 Joseph
382 2580 602 2631 Georgius
637 2579 924 2632 Strossmayer
966 2582 1200 2631 episcopus
1235 2581 1466 2620 Bosnensis
1501 2584 1539 2620 et
1572 2579 1821 2631 Syrmiensis

45 2666 189 2694 coram
225 2654 299 2693 Pio
340 2665 449 2704 papa
485 2653 534 2693 lX
574 2654 943 2692 conservationem
991 2654 1182 2704 liturgiae
1230 2651 1700 2702 Glagolito-Romanae
1747 2663 1821 2689 no-

43 2736 226 2775 vamque
276 2724 506 2764 editionem
559 2722 764 2764 librorum
816 2725 1109 2774 liturgicorum
1166 2736 1246 2763 nec
1304 2736 1389 2763 non
1440 2723 1820 2773 repristinationem

44 2795 375 2836 Seminariorum
413 2796 771 2846 Glagoliticorum
806 2796 965 2838 Romae
1001 2800 1039 2835 et
1072 2796 1111 2834 in
1146 2795 1350 2834 Dalmatia
1386 2797 1566 2844 perorat.

192 2867 310 2916 „Nos
359 2879 502 2906 coram
550 2866 823 2906 Sanctissimo
869 2866 1058 2905 Domino
1106 2865 1428 2904 arbitrabamur:
1480 2865 1682 2903 nesciisse
1730 2874 1819 2904 eos,

46 2927 116 2977 qui
151 2927 312 2973 faciant,
361 2927 433 2976 qui
477 2927 568 2965 ritui
615 2926 901 2965 slavo-latino
949 2929 985 2964 et
1029 2925 1216 2963 idiomati
1263 2936 1384 2963 sacro
1433 2923 1678 2971 glagolitico
1729 2933 1817 2959 cam

46 2989 202 3025 sortem
238 2986 342 3025 inter
375 2985 523 3025 Slavos
558 2988 766 3035 pararunt,
802 2989 844 3024 ut
877 2984 1006 3023 hodie
1051 2984 1101 3022 ab
1147 2985 1326 3032 agoniae
1361 2986 1463 3021 statu
1511 2994 1595 3019 non
1644 2978 1817 3018 multum

48 3045 190 3092 disten
238 3045 470 3095 impegisse
517 3045 558 3084 id
600 3045 638 3083 in
675 3042 891 3094 privilegia
925 3042 1186 3092 Apostolum,
1231 3043 1471 3081 auctoritate
1518 3040 1690 3089 joannis
1724 3039 1816 3077 Vlll.

47 3108 86 3143 et
118 3104 347 3144 lnnocentii
383 3104 444 3144 lV.
478 3105 766 3146 Romanorum
804 3103 1053 3141 Pontificum
1087 3101 1259 3145 firmata,
1296 3113 1403 3150 quae
1439 3099 1588 3138 effectu
1624 3110 1702 3137 suo
1738 3097 1818 3135 fru-

47 3164 162 3202 strari
197 3163 314 3203 nefas
357 3175 528 3213 semper
572 3163 717 3202 haberi
762 3162 1000 3208 debuisset3
1045 3161 1244 3199 nocuisse
1293 3160 1332 3198 id
1378 3159 1530 3205 unitati,
1567 3158 1816 3196 scissionem

48 3222 146 3261 hine
180 3222 278 3262 inde
312 3223 595 3272 promovisse,
641 3226 679 3261 et
722 3221 847 3260 medii
883 3221 973 3259 eius
1006 3220 1086 3258 vim
1122 3223 1370 3259 attenuasse.
1407 3217 1523 3267 quod
1560 3217 1634 3254 abs
1669 3215 1817 3257 dubio,
