2243 3444
371 148 414 179 28
1070 139 1518 184 Fontesliturgiae

370 288 611 329 Dalmatica
643 288 837 328 eiusdem
874 286 1062 333 Ordinis,
1094 285 1237 337 lingua
1271 284 1457 324 croatica
1491 283 1809 324 characteribus
1831 283 2093 337 glagoliticis
2127 297 2201 324 co-

372 360 528 399 dificat.

513 440 584 474 cfr.
615 440 658 474 G.
686 437 992 481 Ferrari-Cnpilli‚
1021 439 1033 471 Ι
1072 436 1320 471 Francescani
1347 436 1406 470 del
1436 437 1539 470 Terz’
1561 435 1704 471 Ordine
1724 436 1814 470 edil
1835 440 2025 470 convento
2046 436 2083 470 di
2097 437 2204 478 Zara²

372 487 461 521 Zara
488 490 589 528 1864,
618 490 676 529 193
703 487 727 520 I.
756 485 870 525 Brffic',
898 485 979 519 Rad
1002 485 1142 529 Jugosl.
1169 483 1288 518 Akad.
1316 488 1359 517 41
1388 485 1422 517 X
1450 483 1585 528 (1881),
1614 486 1691 517 162.

964 643 1054 680 116.
1094 651 1218 693 1492,
1249 639 1346 689 Roc‘,
1385 639 1616 691 Tergestzn.

513 726 771 767 Aedificatio
806 726 1015 765 ecclesiae
1057 723 1314 775 parochialis
1360 722 1402 763 S.
1446 722 1745 762 Barholornaei
1792 723 1886 775 Rof:
1917 723 2200 776 Tergestinae

372 799 643 845 dioeceseos,
677 797 866 836 numeris
911 795 1168 849 glagoliticis
1213 807 1336 834 muro
1370 794 1695 845 septentrionali
1741 786 1939 834 eiusdem
1987 794 2200 834 ecclesiae

373 870 608 920 insculptis,
641 869 877 907 memoriae
911 867 1201 919 consignatur.

514 940 548 978 ὅ.
582 953 620 979 u.
653 953 692 991 p.
725 938 765 978 b.
798 965 853 975 2:
891 938 1011 978 1492.

513 1008 569 1042 Ex
597 1008 814 1053 apographo
841 1008 885 1041 A.
911 1007 1026 1041 Kalac
1053 1006 1186 1040 decani
1212 1006 1460 1051 Pinquentini.
1483 991 1486 994 ,

964 1173 1051 1216 117.
1085 1175 1207 1217 1402,
1238 1164 1334 1211 Rocf,
1375 1161 1606 1214 Tengrestin.

513 1247 772 1287 Aedificatio
807 1248 1016 1287 ecclesiae
1050 1248 1279 1287 sucursalis
1313 1246 1553 1299 porochiae
1588 1246 1681 1286 Roc
1713 1245 1996 1299 Tergestinae
2028 1246 2203 1286 dioece-

373 1332 485 1367 seos,
517 1320 707 1358 numeris
739 1319 997 1372 glagoliticis
1029 1318 1266 1359 architravo
1301 1318 1498 1358 eiusdem
1534 1318 1746 1357 ecclesiae
1779 1316 2016 1369 insculptis,
2037 1330 2204 1357 memo-

374 1391 457 1430 riae
491 1391 781 1443 consignatur.

513 1461 549 1500 ἐ.
585 1473 622 1500 u.
656 1474 695 1511 p.
730 1461 769 1500 b.
802 1487 857 1497 Ξ
894 1461 1016 1501 1492.

514 1529 570 1563 Ex
597 1530 815 1575 apographo
842 1530 883 1564 A.
912 1530 1027 1564 Kalac
1054 1530 1186 1565 decani
1214 1529 1463 1574 Pinquentini.

897 1687 991 1726 118.
1024 1698 1145 1739 1403,
1186 1685 1373 1727 Grobnik’
1414 1684 1697 1726 Modruscz'en.

513 1769 743 1820 Presbyter
773 1770 981 1810 Martinac
1032 1770 1088 1809 de
1134 1782 1293 1823 genere
1344 1769 1578 1822 Lapcanin,
1628 1769 1838 1809 ecclesiae
1880 1768 2120 1820 parochiali,
2147 1768 2204 1809 de

375 1839 572 1880 Grobnik
604 1840 944 1881 Modrusciensis
966 1841 1224 1881 dioeceseos
1257 1841 1513 1892 adscriptus,
1546 1842 1586 1880 in
1620 1840 1757 1880 domo
1791 1853 1867 1880 sua
1887 1840 1998 1880 Novi
2025 1840 2206 1893 degens,

375 1910 633 1950 Breviarium
668 1911 978 1965 Glagoliticum
1012 1912 1256 1952 Novianum
1291 1912 1340 1962 ΙΙ,
1372 1911 1493 1964 quod
1527 1913 1568 1951 in
1601 1911 1786 1951 ecclesia
1820 1908 2026 1951 Noviensi
2069 1898 2205 1951 asser-

374 1990 504 2029 vatur,
537 1995 615 2033 pro
649 1983 912 2022 monasterio
946 1982 989 2023 S.
1022 1983 1179 2023 Mariae
1213 1984 1294 2023 sub
1327 1983 1439 2023 Novi
1473 1983 1636 2022 ordinis
1669 1982 1989 2022 Heremitarum
2011 1980 2054 2022 S.
2085 1981 2205 2022 Pauli

376 2054 672 2101 conscribit3et
703 2055 875 2094 notitias
908 2054 963 2093 de
996 2055 1163 2105 proelio
1197 2067 1297 2094 cum
1318 2053 1472 2094 Turcis
1494 2055 1598 2093 inito
1620 2066 1670 2093 ac
1691 2053 1747 2094 de
1778 2053 2055 2093 Modrusciae
2076 2053 2204 2093 deso-

378 2123 533 2162 latione
567 2124 884 2164 characteribus
918 2125 1175 2178 glagoliticis
1209 2125 1428 2165 describit.

515 2204 539 2237 1.
567 2202 706 2238 Beraeic‘.
734 2196 891 2239 citanka
917 2206 1060 2239 starosi.
1086 2206 1219 2250 jezika,
1245 2206 1340 2250 Prag
1367 2207 1470 2246 1864,
1496 2205 1579 2245 xv,
1609 2208 1651 2239 75
1677 2216 1705 2238 s.
1731 2197 1891 2246 surmin,
1919 2205 2014 2239 Acta
2039 2205 2206 2240 croatica

378 2251 401 2283 I.
429 2251 627 2295 Zagrabiao
656 2254 755 2291 1898,
784 2256 984 2294 376-379;
1013 2253 1086 2287 Cfr.
1114 2253 1215 2297 Vajs,
1244 2252 1466 2297 Glagolitica
1487 2252 1575 2287 fasc.
1597 2252 1863 2298 2—4,Veg1ae
1885 2255 1986 2292 1903,
2015 2255 2070 2286 75.
2089 2252 2204 2286 Foliis

375 2300 570 2332 811—814.
601 2298 797 2332 »Officium
826 2300 910 2333 XIV
939 2301 1130 2334 Februarii
1158 2300 1281 2345 Cyrilli
1308 2306 1345 2334 et
1372 2300 1574 2333 Methodii‹
1602 2300 1770 2338 habetur,
1815 2299 1920 2343 quod
1948 2299 1994 2333 ab
2026 2299 2089 2334 illo
2116 2310 2204 2334 exe·

378 2350 465 2377 unte
492 2345 542 2378 IX
570 2345 627 2378 vel
644 2347 794 2380 ineunte
812 2348 844 2380 X
871 2347 1022 2381 saeculo
1051 2358 1070 2380 a
1096 2348 1286 2391 discipulis
1312 2348 1377 2382 SS.
1405 2347 1529 2391 Cyrilli
1553 2353 1591 2381 ct
1617 2347 1797 2381 Methodii
1814 2347 2002 2387 confecto,
2029 2351 2068 2381 et
2092 2347 2204 2390 pluri-

376 2392 445 2424 bus
472 2393 505 2424 in
532 2392 610 2425 aliis
638 2394 831 2427 codicibus
858 2394 946 2437 (Cfr.
976 2395 1062 2428 XIV
1089 2405 1185 2428 saec.
1216 2395 1256 2429 N.
1284 2397 1344 2437 513
1374 2396 1443 2428 XV
1470 2406 1567 2429 saec.
1595 2395 1635 2428 N.
1659 2397 1737 2435 161,
1765 2394 1847 2437 163)
1875 2398 2078 2435 asservato,
2113 2405 2203 2438 pens

376 2439 451 2471 dot.
497 2439 568 2473 Cfr.
596 2440 620 2473 1.
665 2440 802 2476 Bercic.
841 2442 935 2475 Dvie
972 2442 1098 2476 sluibc
1138 2443 1304 2487 rimskog
1339 2443 1480 2476 obreda
1511 2453 1552 2476 za
1589 2442 1814 2476 svetkovinu
1858 2452 1910 2476 sv.
1956 2441 2066 2476 Cirila
2090 2442 2101 2476 i
2128 2442 2203 2476 Me-

377 2486 475 2525 tuda‚
504 2487 702 2531 Zagrabiac
730 2491 830 2524 1870.
861 2492 902 2522 13
929 2500 976 2522 ss.
1004 2493 1081 2529 217,
1111 2492 1152 2522 74
1179 2500 1226 2523 ss.

1026 2658 1115 2693 JJQ.
1147 2657 1271 2698 1490,
1304 2643 1523 2699 (Jadrae).

518 2725 709 2764 Minister
742 2726 965 2766 Generalis
1006 2727 1139 2767 Tertii
1185 2728 1360 2768 Ordinis
1398 2728 1440 2768 S.
1484 2728 1704 2768 Francisci
1737 2727 1849 2767 fratri
1878 2728 2044 2780 Jacobo
2087 2726 2205 2768 Belic‘

378 2794 573 2845 ejusdem
599 2796 772 2836 Ordinis
794 2798 833 2836 in
856 2800 1075 2848 provincia
1108 2799 1333 2847 Dalmatia,
1353 2799 1559 2853 Magistro
1593 2798 1751 2839 Sacrae
1771 2798 1968 2850 Paginae,
2000 2798 2205 2838 Decreta-

377 2864 488 2904 libus
509 2865 688 2906 Doctori
710 2874 751 2906 et
783 2868 953 2921 linguae
981 2869 1276 2921 Glagoliticae,
1299 2883 1454 2910 munus
1476 2870 1667 2909 docendi
1700 2870 1966 2921 ubicumque
1989 2869 2204 2909 concedit.

524 2936 838 2977 »Attendentes
881 2940 1006 2991 igitur
1056 2939 1120 2979 Te
1153 2948 1195 2979 et
1240 2941 1434 2980 moribus
1486 2948 1527 2980 et
1558 2941 1704 2994 lingua
1755 2940 2011 2989 sclavonica,
2043 2940 2084 2978 in
2118 2952 2203 2992 qua

379 3007 573 3059 quotidie
608 3008 813 3057 celebras,
846 3010 984 3049 taliter
1017 3010 1198 3063 dignum
1233 3012 1420 3063 evasisse
1441 3043 1448 3051 .
1470 3043 1477 3050 .
1500 3044 1507 3051 .
1541 3011 1840 3063 concedimuS‚
1861 3016 1907 3050 ut
1928 3011 1969 3049 in
1991 3022 2204 3063 quocum-2
