2243 3444
356 141 376 173 6
1033 134 1218 172 Fontes
1261 134 1499 180 liturgiae

355 291 496 324 entem
544 284 704 323 castelli
750 283 1083 322 Verbenicensis
1134 281 1362 332 Veglensis
1408 280 1678 327 dioeceseos,
1711 280 1989 330 inscriptione
2031 280 2179 333 glago-

355 356 478 403 litica‚
512 355 638 394 fronti
672 354 866 393 eiusdem
901 353 1091 403 capellae
1124 354 1267 399 incisa,
1302 351 1537 390 memoriae
1571 350 1914 390 commendatur.

497 427 653 473 Sursum,
676 435 769 467 Acta
796 434 957 466 croatica
984 433 1007 471 Ι,
1035 432 1234 476 Zagabriav
1262 433 1363 470 1898,
1390 433 1443 463 81.

1035 565 1075 603 8.
1108 574 1213 615 1350
1246 575 1276 602 c.
1319 560 1510 602 Venetz'z's.

491 649 677 701 Joannes
710 647 937 687 Dandulus
970 647 1185 686 chronista
1217 658 1266 685 ac
1300 645 1391 684 dux
1425 643 1705 684 venetiarum
1739 644 1950 696 originem
1983 644 2178 697 liturgiae

356 719 817 772 Glagolito-Romanae
849 717 965 769 apud
999 716 1175 758 Croatas
1208 723 1249 755 et
1281 715 1502 755 Dalmatas
1535 715 1730 767 vigentis,
1761 728 1786 754 a
1818 713 1860 755 S.
1905 713 2079 766 Cyrillo,
2123 738 2181 743 —

356 790 659 840 Presbyterum
694 789 963 828 Diocleatem
998 799 1197 839 sequens,
1229 810 1286 815 —
1309 787 1474 837 repetit.

500 872 657 912 »Ursus
690 871 982 921 Participatius
1015 869 1117 908 Dux
1170 869 1306 908 factus
1346 875 1410 908 est
1442 881 1556 907 anno
1608 867 1704 907 874.
1753 867 1926 907 Eodem
1977 874 2178 919 tempore

357 930 661 971 Constantinus
703 931 875 969 natione
916 928 1330 975 Thessalonicensis,
1373 928 1440 966 cui
1473 927 1600 978 Papa,
1645 925 1841 977 Cyrinus,
1884 939 2047 967 nomen
2100 928 2179 966 im-

356 997 569 1041 posuerat,
601 990 661 1028 vir
694 988 942 1034 catholicus,
975 987 1227 1039 Divinisque
1261 985 1492 1037 Scripturis
1525 986 1731 1034 eruditus,
1763 993 1805 1025 et
1836 988 1878 1025 in
1910 986 2034 1026 variis
2067 986 2178 1026 idio-

357 1049 542 1088 matibus
574 1049 745 1099 peritus.
778 1070 834 1075 —
866 1047 1063 1086 Moderni
1096 1056 1240 1085 autem
1275 1047 1531 1085 maritimam
1564 1051 1700 1084 totam
1722 1052 1880 1084 vocant
1906 1044 2180 1094 Dalmatiam,

355 1107 560 1146 Montana
591 1115 734 1146 autem
770 1105 995 1146 Croatiam.
1030 1105 1110 1144 Hic
1144 1105 1298 1144 Beatus
1332 1103 1516 1155 Cyrillus
1549 1116 1662 1155 pene
1705 1105 1902 1143 omnium
1949 1102 2178 1144 Slavorum
2240 1129 2243 1133 «

358 1166 498 1205 dictus
532 1174 596 1205 est
628 1165 864 1216 apostolus,
897 1166 994 1216 quia
1027 1164 1106 1203 hos
1139 1164 1193 1203 ad
1227 1163 1360 1203 fidem
1393 1164 1580 1212 reduxit,
1613 1169 1654 1202 et
1687 1162 1880 1202 divinum
1914 1161 2110 1203 officium
2137 1163 2180 1202 in

357 1225 524 1277 Lingua
557 1223 811 1264 Sclavonica
844 1225 892 1263 iis
924 1223 1171 1262 transtulit«
2241 1222 2243 1231 ¹

493 1304 643 1349 Joannis
669 1304 827 1337 Danduli
856 1303 1079 1337 Chronicou.
1110 1303 1286 1336 Muratori
1321 1302 1534 1345 Scriptores
1577 1312 1701 1335 rerum
1729 1301 1935 1336 italicarum
1962 1301 2044 1336 XII.
2074 1304 2180 1342 1728,
2240 1319 2243 1347 3

357 1354 528 1385 12-416,
557 1351 630 1386 Cfr.
652 1351 802 1395 Joannis
830 1351 933 1384 Lucii
962 1350 1017 1383 Dc
1045 1360 1161 1393 regno
1190 1350 1397 1383 Dalmatiae
1424 1355 1460 1382 et
1488 1349 1660 1384 Croatiae
1686 1349 1944 1389 Amsteldami‚
1973 1351 2076 1390 1666,
2116 1351 2177 1391 67;

357 1399 438 1479 {bio
463 1399 778 1479 animgssuzisstlilssr,
817 1397 1029 1431 Dandulum
1075 1398 1165 1430 haec
1205 1402 1415 1431 mutuatum
1455 1397 1499 1430 ab
1535 1397 1689 1431 historia
1726 1397 1937 1442 Presbyteri
1973 1396 2180 1431 Diocleatis

404 1456 528 1489 {gnum
634 1457 641 1470 ν
679 1457 687 1461 ·
756 1473 761 1478 .

1481 1534 1492 1548 .

900 1578 946 1616 9.
979 1568 1101 1617 1356,
1132 1568 1194 1604 26
1222 1563 1419 1616 Augusti,
1451 1564 1632 1616 Pragae.

498 1647 675 1689 Carolus
708 1648 777 1688 IV.
798 1661 875 1688 rex
908 1647 1142 1687 Bohemiae
1175 1661 1224 1687 ac
1257 1648 1495 1699 Imperator
1528 1648 1763 1696 Romanus,
1779 1647 1934 1699 Joanni
1962 1647 2180 1687 monacho

357 1719 653 1758 Emmautensi
687 1719 909 1771 Pragensis
942 1719 1210 1767 dioeceseos,
1243 1731 1296 1758 eo
1330 1719 1450 1770 quod
1483 1719 1616 1758 libros
1648 1718 1931 1771 legendarum
1966 1724 2008 1758 et
2029 1725 2181 1759 cantus

358 1790 514 1829 nobilis
545 1790 715 1842 linguae
749 1788 1002 1829 Slavonicae
1035 1789 1088 1828 ad
1123 1802 1247 1829 usum
1284 1789 1599 1829 monachorum
1621 1789 1901 1837 describeret,
1921 1791 2179 1840 pensionem

358 1872 541 1900 annuam
575 1861 773 1912 assignat.

498 1941 680 1981 Karolus
714 1949 887 1993 quartus
921 1943 1067 1982 diuina
1100 1943 1272 1982 fauente
1319 1944 1550 1983 clementia
1595 1944 1896 1983 Romanorum
1941 1943 2182 1994 Imperator

360 2014 533 2052 semper
564 2000 800 2053 Augustus,
851 2001 1026 2041 Boemie
1078 2002 1184 2041 Rex.
1214 2002 1396 2054 Johanni
1429 2004 1627 2054 scriptori
1677 2003 1885 2042 librorum
1929 2001 2180 2042 Monasterii

362 2059 589 2099 Slauorum
624 2059 797 2100 Ordinis
831 2062 965 2099 sancti
1010 2061 1232 2100 Benedicti
1276 2063 1317 2100 in
1361 2074 1477 2101 noua
1509 2063 1679 2101 civitate
1711 2061 1831 2113 Prag.
1870 2073 1986 2100 noue
2027 2060 2181 2100 funda-

358 2120 485 2157 tionis
518 2125 662 2158 nostre
695 2119 858 2158 deuoto
891 2127 932 2158 et
965 2119 1081 2158 fideli
1114 2128 1261 2159 nostro
1295 2120 1456 2160 dilecto
1489 2122 1667 2174 gratiam
1702 2126 1893 2159 nostram
1927 2126 1970 2159 et
2001 2132 2179 2159 omnem

360 2179 536 2216 bonum.
582 2176 872 2217 Consideratis
918 2179 1227 2230 multiplicibus
1270 2181 1492 2232 obsequiis
1533 2181 1629 2228 tuis,
1680 2180 1838 2232 quibus
1893 2191 1973 2230 pro
2017 2178 2180 2218 decore

359 2236 603 2275 Monasterii
637 2238 768 2276 nostri
814 2235 1043 2276 Slauorum
1087 2238 1128 2276 in
1162 2239 1401 2278 scribendis
1446 2239 1562 2278 libris
1606 2238 1890 2291 legendarum
1930 2244 1973 2278 et
2016 2244 2181 2285 cantus,

359 2295 527 2342 nobilis,
558 2295 702 2347 lingue
735 2293 966 2335 Slauonice
1016 2296 1242 2348 hucusque
1275 2298 1459 2348 prouide
1492 2299 1648 2337 mentis
1682 2297 1827 2337 studio
1859 2303 1946 2336 tam
1997 2296 2180 2336 sollicite
2242 2303 2243 2327 1

360 2366 488 2405 quam
523 2353 705 2393 fideliter
736 2354 949 2403 laborasti,
994 2362 1035 2394 et
1073 2355 1301 2404 laborabis,
1334 2358 1443 2396 sicut
1476 2369 1564 2396 non
1596 2357 1870 2409 ambigimus,
1920 2356 2180 2407 prestantius

359 2413 399 2451 in
434 2412 635 2460 futurum,
667 2413 723 2451 de
755 2414 955 2465 singulari
988 2422 1133 2453 nostre
1165 2414 1398 2455 Maiestatis
1432 2416 1575 2468 gratia,
1626 2415 1793 2463 damus,
1844 2415 2108 2466 deputamus
2139 2420 2182 2454 et

358 2472 626 2522 assignamus
649 2472 721 2510 tibi
744 2471 897 2511 decem
921 2485 1085 2512 mareas
1105 2473 1352 2512 reddituum
1374 2475 1503 2514 annui
1525 2486 1681 2514 census
1701 2475 1743 2513 in
1776 2480 1818 2513 et
1837 2485 1968 2525 super
1996 2473 2182 2513 maccel-

358 2530 408 2568 lis
457 2528 649 2570 Ciuitatis
693 2530 928 2582 pragensis,
972 2533 1013 2570 in
1055 2544 1239 2583 quorum
1285 2535 1563 2583 possessione
1603 2545 1718 2573 nunc
1753 2545 1849 2573 esse
1899 2532 2183 2584 dignosceris,

359 2601 435 2638 per
455 2595 495 2627 te
516 2601 597 2627 nec
618 2601 704 2627 non
726 2588 941 2641 legitimos
962 2589 1144 2630 heredes
1165 2598 1262 2630 tuos
1286 2592 1518 2640 habendas,
1541 2599 1582 2632 et
1601 2592 1825 2639 tenendas,
1844 2604 1894 2631 ae
1915 2590 2181 2631 vtifruendas

359 2645 538 2697 pacifice
571 2654 612 2686 et
645 2648 790 2698 quiete
823 2648 1031 2699 quamdiu
1065 2650 1106 2688 in
1138 2649 1377 2690 laborando
1412 2660 1453 2690 et
1486 2651 1719 2691 scribendo
1740 2651 1874 2690 libros
1894 2650 2179 2704 legendarum

360 2712 400 2743 et
433 2712 582 2744 cantus
626 2705 727 2744 dicti
769 2707 952 2759 vulgaris
997 2708 1205 2747 Slauonici
1249 2716 1346 2748 actu
1389 2718 1430 2749 et
1475 2711 1728 2761 operatione
1774 2709 2095 2749 continuaueris
2129 2721 2180 2748 ac

359 2766 701 2815 perseueraueris
734 2764 917 2804 fideliter
949 2772 990 2805 et
1023 2773 1194 2806 attente.
1226 2767 1340 2806 Nulli
1374 2780 1478 2821 ergo
1491 2768 1725 2809 ‚hominurn
1748 2769 1875 2808 liceat
1895 2767 2005 2808 hanc
2032 2773 2180 2808 nostre

360 2822 618 2869 deuotionis,
650 2823 940 2874 deputationis
962 2831 1003 2863 et
1023 2826 1321 2877 assignationis
1343 2829 1543 2879 paginam
1566 2827 1808 2880 infringere,
1840 2839 1917 2867 seu
1950 2827 1988 2867 ei
2021 2826 2179 2879 quouis

359 2894 464 2920 ausu
497 2883 722 2920 temerario
757 2884 977 2931 contraire,
1011 2885 1091 2922 sub
1125 2897 1236 2935 pena
1269 2887 1517 2937 gravissime
1540 2887 1845 2939 indignationis
1866 2892 2024 2934 nostre,
2046 2897 2177 2938 quam

360 2941 431 2991 qui
465 2952 589 2978 secus
622 2947 877 2992 attemptare
909 2944 1230 2993 presumpserit,
1263 2956 1308 2983 se
1343 2951 1581 2997 cognoscat
1613 2946 1797 2998 graviter
1829 2945 2046 2984 incidisse.
2082 2943 2181 2984 Pre-

360 3000 543 3037 sentium
578 3000 658 3037 sub
692 3007 834 3038 nostre
869 2999 1097 3052 imperialis
1130 3001 1361 3042 Maiestatis
1394 3004 1534 3055 sigillo
1567 3004 1817 3044 testimonio
1851 3004 2099 3043 litterarum.
