2191 3434
0 3356 3 3434 Ι

541 332 1085 379 Glagolito-Romanae
1133 332 1315 368 XVIII.
1365 344 1402 368 s.
1775 335 1816 369 17

56 511 145 539 non
177 497 385 545 valentes,
419 499 620 539 aeternae
650 498 764 540 vitae
803 498 950 539 lumen
983 499 1183 539 deserere
1226 499 1383 538 misere
1416 500 1641 549 cogantur.
1678 499 1730 539 Et
1761 500 1862 541 licet

56 555 307 596 Vincentius
349 556 708 609 archiepiscopus
749 557 1003 609 praedictus
1047 580 1095 585 —
1141 559 1368 608 comperto
1402 557 1522 609 quod
1557 559 1672 596 extra
1710 557 1858 599 cix-iva-

53 616 140 654 tem
173 614 427 655 Jadrensem
461 618 502 654 vt
534 614 574 654 in
610 614 811 656 univer-a
846 615 958 656 illius
1001 615 1191 655 dioecesi
1226 614 1478 654 huiusmodi
1510 615 1784 666 septuaginta
1820 619 1863 656 «t

52 673 165 712 ultra
206 672 486 712 parochiales
529 672 750 721 eclesiae,
795 686 908 725 quae
957 672 1132 713 nonnisi
1176 672 1342 713 clericis
1390 685 1467 712 seu
1502 674 1763 726 presbyteri<
1810 688 1860 714 vx

56 729 182 770 Clero
236 730 464 781 praedicto
509 730 809 773 existentibus.
853 731 928 785 qui
979 754 1102 760 ——
1148 733 1190 771 et
1231 743 1318 770 non
1368 729 1487 770 aliud
1534 730 1616 770 nisi
1648 731 1861 782 Illyricum

57 787 225 828 idioma
258 788 464 828 callentes
501 811 548 817 —
575 811 617 817 —
657 788 869 829 nonnulla
909 788 1086 841 publica
1127 788 1349 841 gymnasia
1383 788 1424 828 in
1460 788 1634 828 civitate
1665 788 1863 830 Jadrensi

54 845 276 898 praedicta
313 859 392 898 pro
428 846 646 899 ejusmodi
681 845 796 886 Cleri
828 847 994 887 clericis
1028 846 1135 886 inibi
1155 846 1393 886 edocendi<
1417 846 1759 899 erudiendisque
1782 861 1861 900 op-

51 904 242 956 portuno
288 904 529 944 litterarum
568 904 786 958 ejusmodi
829 904 970 956 clipeo
1014 904 1203 957 propriis
1243 904 1492 956 sumptibus
1534 906 1860 946 manutenenda

51 961 272 1014 aperuerit
313 963 355 1001 et
395 963 548 1013 aperta
590 962 797 1007 existant:
847 962 1133 1003 nihilominus
1181 962 1323 1002 dictus
1360 961 1609 1002 Vincentius
1642 962 1859 1015 archiepi-

51 1032 212 1071 scopus
254 1019 438 1071 provide
480 1020 724 1068 attendens,
769 1020 890 1073 quod
932 1020 1157 1073 gymnasia
1198 1020 1293 1072 ipsa
1338 1019 1492 1060 futuris
1526 1020 1714 1072 tempori
1750 1034 1799 1062 u-
1832 1034 1858 1062 a

50 1077 215 1118 clericis
248 1080 367 1118 extra
401 1077 635 1118 Civitatem
666 1078 940 1131 praedictam
973 1080 1015 1118 et
1045 1078 1087 1118 in
1122 1078 1234 1118 illius
1267 1077 1459 1118 dioecesi
1491 1077 1747 1118 huiusm·=‹ti
1771 1079 1858 1119 -vxi-

51 1136 279 1177 stentibus.
315 1137 479 1176 attenta
513 1136 761 1186 genitorum
794 1150 1032 1188 puerorum
1076 1138 1349 1189 paupvrtate.
1381 1136 1563 1176 elvricos
1596 1136 1714 1189 ipsos
1739 1139 1859 1178 s-xtra

51 1206 203 1234 eorum
237 1196 393 1234 domos
426 1194 542 1234 abre
577 1208 662 1233 non
697 1195 948 1237 valentium.
975 1209 1059 1234 nnn
1088 1196 1439 1247 t‘requentaturaz
1474 1198 1514 1234 et
1546 1207 1626 1247 pro
1660 1199 1857 1246 tempore

49 1251 336 1292 existentibus
378 1252 765 1304 archiepiscopalis
812 1253 1065 1305 praedictae
1097 1252 1317 1293 Ecclesiae
1362 1252 1585 1293 Jadrensis
1635 1252 1857 1293 fructuum

53 1309 264 1351 tenuitate
297 1308 536 1364 dimi(nuti)
560 1310 657 1359 sint,
675 1334 723 1339 —-
749 1335 812 1359 —‚
832 1311 1005 1363 quamis
1028 1311 1247 1351 Ecclesiae
1268 1310 1490 1350 Jadrensis
1512 1310 1715 1363 illiusque
1737 1311 1857 1351 Men—

50 1381 123 1408 sae
155 1367 543 1420 archie}‚›iscopalis
575 1368 903 1421 praedictarum
937 1371 1174 1420 paupertas
1208 1368 1492 1421 defectusque
1528 1368 1777 1409 mediorum
1800 1368 1857 1409 ad

49 1425 312 1478 infrascripti
354 1424 537 1475 Collegii
590 1439 667 1466 seu
710 1426 944 1476 S÷=1ningrii
982 1427 1340 1467 nedifiminnem
1388 1426 1857 1479 manutentionemque

47 1485 350 1536 procurandas
382 1485 739 1536 opportunorum
774 1485 934 1537 pluries
970 1484 1149 1528 Colleaii
1182 1498 1259 1525 seu
1293 1484 1527 1524 Seminarii
1550 1486 1598 1524 ut
1630 1484 1740 1526 infra
1773 1484 1855 1524 eri-

50 1541 179 1594 gendi
212 1543 255 1582 et
300 1542 557 1583 instituendi
600 1542 818 1596 ejusmodi
859 1543 1112 1583 instutionis
1156 1542 1435 1595 praecdictae
1477 1555 1628 1583 curam
1666 1556 1691 1583 a
1739 1542 1855 1594 vigili

49 1599 140 1640 eius
170 1602 317 1640 mente
349 1600 607 1648 averterint3
640 1602 835 1641 attamen
867 1601 1010 1641 dictus
1054 1600 1308 1641 Vincentius
1340 1600 1699 1653 archiepiscopus
1730 1600 1857 1641 firma

48 1670 124 1710 spe
156 1657 407 1710 fiduciaque
450 1683 501 1686 —
546 1658 587 1698 in
628 1658 803 1700 civitate
850 1659 1047 1700 Jadrensi
1095 1659 1322 1711 praedicta
1355 1660 1397 1699 et
1428 1658 1471 1698 in
1503 1658 1600 1698 loco
1635 1658 1689 1699 ad
1724 1658 1765 1699 id
1799 1659 1854 1699 ab

49 1715 205 1755 eodem
239 1714 469 1756 Vincentio
502 1716 837 1769 archiepiscopo
881 1717 1032 1766 electo,
1072 1716 1273 1757 aedificia
1305 1716 1347 1756 in
1390 1729 1519 1757 usum
1562 1715 1744 1768 Collegii
1777 1729 1854 1756 seu

49 1771 279 1814 Seminarii
311 1775 360 1814 ut
391 1773 501 1814 infra
525 1774 719 1821 erigendi
751 1788 828 1815 seu
862 1775 1119 1815 instituendi
1143 1774 1398 1828 hujusmodi
1422 1787 1522 1814 cum
1556 1774 1648 1827 ejus
1680 1774 1853 1822 scholis,

46 1831 351 1871 mansionibus
383 1845 433 1872 ac
467 1832 652 1873 officinis
686 1845 764 1884 pro
799 1833 1108 1881 Magistrorum
1145 1846 1195 1873 ac
1219 1833 1459 1873 Rectorum
1482 1832 1525 1872 in
1560 1845 1610 1872 eo
1642 1845 1723 1885 pro
1747 1834 1854 1872 tem-

45 1901 152 1941 pore
184 1888 623 1933 introducendorum.
658 1892 699 1931 et
741 1890 1040 1931 Ministrorum
1084 1891 1228 1931 eidem
1269 1903 1350 1943 pro
1384 1891 1583 1942 tempore
1615 1889 1854 1930 inservien-

46 1945 155 1986 tium
187 1947 423 1987 commodo
466 1948 656 2002 proprijs
699 1948 792 1988 eius
833 1948 1083 2001 sumptibus
1130 1951 1385 1989 construere
1425 1948 1589 2000 incepit
1621 1949 1663 1988 et
1693 1960 1853 2000 prope-

47 2003 175 2053 diem,
199 2004 436 2057 adjuvante
452 2004 558 2053 Deo,
582 2005 887 2046 aedificiorum
905 2006 1160 2060 hujusmodi
1183 2005 1556 2047 constructionem
1578 2005 1634 2046 ad
1659 2004 1854 2046 debitam

47 2073 198 2102 eorum
229 2062 546 2114 perfectionem
577 2063 872 2117 perducturus
905 2064 981 2111 sit;
1031 2067 1071 2105 et
1104 2063 1151 2107 si.
1186 2063 1566 2116 quemadmodum
1599 2063 1716 2104 idem
1748 2062 1854 2103 Vin-

45 2118 130 2160 tius
172 2120 533 2173 archiepiscopus
576 2121 714 2162 Nobis
756 2121 994 2175 subjunxit,
1043 2121 1245 2162 aedificia
1291 2120 1518 2173 praedicta
1564 2144 1611 2150 —
1660 2120 1854 2173 perfecta

45 2176 204 2218 fuerint
235 2178 277 2218 in
311 2177 555 2231 Collegium
589 2182 630 2220 et
663 2179 959 2220 Seminarium
981 2180 1227 2220 Puerorum
1251 2179 1648 2220 ecclesiasticorum
1670 2178 1852 2219 Jadren-

43 2234 155 2275 sium
197 2249 275 2287 pro
315 2239 432 2277 certo
479 2237 723 2278 Puerorum
767 2237 1035 2291 illyricorum
1079 2237 1243 2289 Illyrico
1288 2237 1500 2277 idiomate
1547 2236 1777 2277 dumtaxat
1809 2236 1851 2276 in

45 2292 348 2334 ecclesiasticis
391 2294 570 2335 Ritibus
612 2295 830 2336 utentium
862 2295 906 2336 in
939 2308 1003 2344 eo,
1051 2297 1100 2336 ut
1131 2295 1253 2343 infra,
1289 2294 1622 2335 educandorum
1655 2297 1696 2334 et
1728 2294 1850 2334 insti-

45 2350 309 2392 tuendorum
332 2364 515 2393 numero
540 2366 565 2393 a
589 2353 738 2401 Nobis,
762 2356 809 2393 ut
831 2353 954 2401 infra,
989 2353 1259 2403 erigerentur
1282 2354 1323 2393 et
1345 2353 1689 2400 instituerentur,
1708 2352 1850 2392 eidem

44 2405 235 2460 Collegio
270 2411 312 2449 et
342 2409 588 2451 Seminario
626 2433 742 2440 ———
775 2424 913 2452 unum
946 2411 1097 2452 Sancti
1129 2410 1357 2463 Crisogoni
1388 2410 1610 2452 Jadrensis
1645 2433 1693 2439 -—
1717 2433 1765 2439 —
1800 2421 1850 2450 ac

43 2465 225 2507 alterum
273 2468 591 2509 monasterium
644 2469 851 2510 abbatiae
897 2471 1177 2522 nuncupatae
1225 2468 1373 2510 Sancti
1422 2468 1538 2508 Petri
1585 2467 1850 2508 Auxerensis

43 2524 309 2576 respectivae
348 2525 535 2566 civitatis
578 2525 728 2568 Sancti
769 2527 997 2567 Benedicti
1044 2540 1121 2567 seu
1163 2527 1341 2567 alterius
1382 2526 1623 2579 respective
1671 2525 1848 2566 Ordinis

44 2603 97 2609 —
119 2605 166 2611 --
186 2584 415 2635 perpetuo,
434 2587 480 2623 ut
498 2583 621 2629 infra,
640 2584 870 2625 unirentur
892 2586 1232 2625 annecterentur
1250 2587 1292 2625 et
1309 2585 1708 2636 incorporarentur.
1733 2606 1778 2612 —
1798 2606 1845 2612 —

44 2636 187 2687 Quare
217 2664 273 2669 —
304 2664 358 2669 —
390 2641 670 2683 Fraternitati
701 2642 837 2689 Tuae,
870 2644 1038 2683 attento
1063 2643 1183 2695 quod
1216 2642 1298 2688 Tu,
1335 2644 1383 2682 ut
1416 2642 1558 2682 dictus
1590 2640 1844 2681 Vincentius

43 2696 400 2750 archiepiscopus
433 2699 600 2747 asserit,
634 2699 893 2740 Ordinarius
926 2700 1110 2741 vicinior
1148 2701 1317 2741 illarum
1351 2700 1542 2752 partium
1577 2698 1736 2746 existis,
1769 2711 1847 2750 pcr

43 2755 283 2806 apostolica
324 2757 487 2806 scripta
527 2758 804 2806 mandamus,
848 2760 1079 2811 quatenus
1128 2758 1295 2799 vocatis
1339 2758 1413 2810 qui
1453 2757 1611 2797 fuerint
1644 2755 1845 2803 vocandi,

42 2812 239 2854 aedificia
272 2815 497 2865 praedicta
529 2828 581 2855 ex
613 2828 729 2856 nunc
762 2818 805 2856 et
839 2828 939 2857 cum
971 2816 1227 2868 praesertim
1262 2816 1345 2862 illa,
1380 2817 1427 2856 ut
1458 2815 1713 2867 praefertur,
1747 2827 1844 2866 per-

43 2867 152 2911 fecta
183 2871 342 2912 fuerint
377 2896 424 2901 --
449 2896 496 2902 —
532 2873 575 2913 in
609 2873 852 2925 Collegium
885 2887 961 2914 seu
985 2874 1280 2915 Seminarium
1313 2886 1552 2925 puerorum
1584 2871 1845 2912 ecclesiasti-

43 2937 191 2969 corum
223 2943 300 2981 pro
325 2932 442 2970 certo
480 2944 719 2983 puerorum
744 2932 1012 2983 illyricorum
1037 2931 1200 2985 Illyrico
1236 2932 1446 2971 idiomate
1471 2931 1512 2970 in
1538 2929 1842 2970 ecclesiasticis

41 2981 212 3027 Ritibus
245 2989 287 3028 et
318 2988 635 3029 Functionibus
677 2990 893 3030 utentium
936 2992 978 3029 ct
1011 3003 1097 3029 non
1130 2990 1317 3030 aliorum
1354 3002 1379 3030 a
1414 2987 1639 3028 Vincentio
1673 2987 1842 3026 archiu-

42 3041 220 3096 piscopo
254 3045 479 3097 praedicto
523 3046 741 3101 (numero)
774 3047 1130 3100 praescribendo,
1175 3049 1216 3087 et
1248 3047 1290 3086 in
1325 3060 1375 3085 eo
1400 3046 1525 3098 juxta
1559 3045 1840 3096 providarum

43 3096 306 3152 Regularum
338 3116 414 3144 seu
449 3103 724 3145 Statutorum
757 3106 811 3145 ab
844 3106 1001 3145 eodeni
1039 3104 1263 3145 Vincentio
1288 3104 1620 3155 archiepiscswo
1655 3103 1842 3152 desuper

45 3156 312 3201 edendorum
358 3185 405 3191 —
450 3161 709 3203 alendorum
751 3176 801 3203 ac
843 3163 1043 3213 religioso
1091 3162 1422 3203 educandorum
1466 3163 1507 3201 et
1549 3158 1841 3199 ecclesiastica

45 3212 270 3269 disciplina
299 3218 670 3261 instituendorum
702 3233 752 3262 ac
775 3234 965 3274 quorum
997 3220 1166 3261 indoles
1189 3222 1231 3261 et
1253 3220 1453 3260 voluntas
1480 3231 1602 3271 spem
1636 3216 1842 3257 obtulerit

96 3398 207 3434 ῐΕιιῤ.
233 3410 498 3434 ΡοΝΤΕςεριης
531 3411 575 3434 nr
1773 3412 1788 3434 7
