2191 3434
788 747 1221 838 Procmium.

239 978 418 1036 Quum
443 979 552 1027 iam
580 997 709 1028 cura
741 985 795 1028 et
823 980 1001 1029 studio
1042 981 1461 1030 clarissimorum
1502 982 1736 1031 Virorum
1762 985 1812 1032 J.
1843 985 1905 1033 A.

102 1047 310 1108 Ginzel,
360 1048 410 1096 J.
450 1049 669 1097 Prodan
709 1053 764 1098 et
801 1049 884 1098 Fr.
928 1050 1210 1110 Pastrnek,
1262 1052 1592 1100 documenta
1628 1053 1906 1102 historiam

98 1117 377 1182 Liturgiae
416 1117 665 1167 Slavicae
705 1119 1022 1184 antiquioris
1061 1120 1265 1184 periodi
1310 1121 1641 1170 illustrantia
1678 1123 1910 1187 plurima

99 1187 440 1251 prodiissent,
467 1187 560 1236 illa
586 1205 713 1237 vero
743 1188 998 1237 historiae
1023 1189 1302 1253 Liturgiae
1326 1190 1907 1254 Glagolito-Romanae

99 1256 449 1322 sequentibus
489 1257 716 1305 saeculis
754 1258 1126 1318 illustrandae,
1167 1260 1344 1308 adhuc
1369 1259 1424 1307 in
1450 1277 1618 1308 unum
1656 1279 1765 1310 non
1805 1263 1910 1311 col-

99 1325 246 1374 lecta
272 1325 395 1386 sint,
433 1327 536 1375 hac
565 1326 783 1391 Sylloge
810 1328 946 1376 haec
985 1328 1400 1393 complectenda
1440 1330 1680 1393 aggressi
1708 1348 1906 1380 sumus.

236 1395 440 1444 Fontes
494 1395 777 1445 historicos
831 1397 957 1445 inde
997 1414 1027 1445 a
1064 1397 1214 1446 XIII.
1255 1399 1486 1458 saeculo,
1544 1401 1760 1465 quando
1799 1400 1905 1449 iam

97 1464 343 1528 Liturgia
382 1464 931 1529 Glagolito-Romana
968 1466 1024 1514 in
1064 1466 1354 1516 Slavoniae
1404 1469 1710 1533 provinciis,
1762 1472 1907 1535 apud

101 1532 329 1589 Croatas
368 1551 565 1600 nempe
605 1535 869 1585 Slovenos
911 1536 1231 1602 Serbosque,
1281 1537 1394 1586 iure
1433 1539 1706 1587 communi
1743 1540 1906 1604 parti-

99 1602 267 1652 culari
317 1604 544 1652 caeteris
600 1608 732 1653 tunc
789 1605 1096 1669 vigentibus
1155 1607 1526 1672 aequiparato,
1582 1608 1904 1669 invaluerat,

99 1672 433 1736 colligentes,
474 1674 804 1723 documenta
840 1692 1099 1740 prospera
1133 1680 1186 1724 et
1214 1677 1444 1725 adversa
1481 1676 1611 1738 fata,
1651 1682 1905 1727 naturam

89 1742 379 1806 juridicam
418 1743 505 1792 vel
542 1745 958 1809 topographiam
994 1744 1234 1793 eiusdem
1272 1746 1618 1806 illustrantia,
1659 1748 1905 1797 civilibus

96 1811 183 1859 vel
220 1829 365 1860 mere
403 1812 677 1861 litterariis
718 1814 967 1878 demptis,
1008 1815 1343 1863 saeculorum
1382 1817 1516 1864 serie
1556 1817 1903 1880 digessimus;

98 1897 202 1945 quo
252 1879 460 1930 facilius
512 1882 706 1931 deinde
745 1883 1068 1947 detegenda,
1127 1884 1255 1949 quin
1306 1886 1468 1934 series
1521 1886 1905 1951 chronologica

94 1949 400 2010 innovetur,
441 1951 566 1999 addi
605 1952 828 2016 possint.

231 2018 311 2068 Ne
367 2020 602 2068 ambitus
658 2021 813 2069 huius
878 2020 1124 2085 Sylloges
1180 2023 1338 2071 nimis
1396 2028 1699 2088 augeretur,
1765 2042 1903 2090 quae

93 2086 310 2137 maioris
349 2090 611 2138 momenti
659 2094 785 2139 sunt
824 2091 1154 2139 documenta
1199 2092 1253 2139 in
1294 2098 1536 2153 extenso,
1596 2094 1903 2159 adiaphoris

94 2157 218 2205 hinc
255 2158 380 2207 inde
420 2159 670 2224 demptiS,
711 2160 1056 2225 epigraphica
1090 2160 1197 2208 iam
1227 2162 1374 2210 edita
1400 2180 1612 2212 necnon
1642 2164 1710 2212 ad
1736 2164 1901 2213 libros

91 2225 368 2290 liturgicos
397 2232 451 2276 et
479 2230 548 2277 ad
577 2229 682 2277 alia
709 2229 929 2278 minoris
967 2232 1230 2278 momenti
1258 2232 1581 2297 spectantia,
1621 2233 1676 2280 in
1702 2233 1902 2297 regesti

93 2294 322 2345 formam
360 2298 600 2357 redacta,
639 2304 700 2346 ut
739 2299 992 2347 brevitati
1032 2300 1435 2350 consuleremus
1476 2302 1736 2350 dedimus.

235 2363 411 2422 Quum
452 2384 578 2416 vero
634 2369 758 2415 dum
800 2369 935 2417 haec
983 2369 1167 2433 praelo
1207 2371 1581 2430 tradebantur,
1637 2372 1902 2420 nonnulla

94 2434 424 2484 documenta
474 2437 846 2498 accessissent,
902 2437 956 2484 in
994 2437 1276 2487 Addendis
1318 2442 1385 2488 ad
1423 2440 1587 2488 finem
1644 2441 1901 2506 cuiusque

94 2504 310 2563 saeculi,
366 2510 583 2554 retenta
638 2510 824 2556 tamen
878 2507 1256 2558 numeratione
1308 2514 1362 2558 et
1413 2510 1763 2574 paginatione
1821 2511 1901 2559 sui

94 2574 353 2638 cujusque
393 2575 608 2636 saeculi,
651 2576 959 2625 adiecimus.

231 2642 416 2693 Indice
455 2644 728 2695 Analitico
767 2646 890 2694 huic
936 2646 1196 2695 volumini
1236 2649 1449 2713 adJ'ecto
1488 2649 1899 2714 praecipuarum

96 2712 441 2762 materiarum
481 2721 822 2780 conspectUS‚
872 2715 1091 2781 speciali
1131 2734 1259 2766 cura
1299 2718 1366 2766 ad
1404 2735 1516 2767 rem
1557 2719 1899 2784 topographi-

97 2795 216 2828 cam
252 2782 455 2843 habita,
497 2784 754 2833 exibetur.

231 2850 450 2901 Errores
488 2855 909 2919 typographicos
948 2855 1167 2904 minoris
1201 2856 1462 2905 momenti
1488 2857 1704 2906 Lectori
1744 2859 1898 2905 bene-

95 2917 217 2967 volo
255 2921 600 2985 corrigendos
638 2924 1012 2989 relinquimus3
1070 2926 1269 2973 menda
1308 2943 1450 2984 vero,
1503 2943 1640 2991 quac
1681 2944 1894 2974 sensum

94 2987 344 3037 minuunt
382 2991 466 3040 vel
507 2994 792 3041 obscurum
846 2995 1096 3053 reddunt,
1149 2994 1202 3041 in
1241 2996 1347 3043 fine
1387 2997 1645 3060 cujusque
1697 2996 1896 3044 sacculi

95 3056 411 3120 corrigenda
450 3061 772 3110 curavimus.
