2243 3444
269 315 347 349 XII
839 313 888 346 H.
917 314 1011 346 Acta
1037 311 1175 346 Curiae
1201 310 1409 344 Romanae.

360 454 404 495 S.
443 454 625 494 Rituum
673 451 962 504 Congregatio
1015 450 1238 491 decretum
1289 448 1510 490 Jadrensis
1563 447 1881 497 Ordinariatus,
1933 459 2022 501 quo

223 525 328 554 usus
372 513 555 564 Lgr.nae
602 510 886 553 interdicitur,
934 508 1086 556 irritat,
1134 508 1190 548 ib.
1224 508 1291 548 97.
1330 507 1479 547 Ritum
1514 504 1830 547 Graecanicum
1862 518 2023 558 aquam

221 570 511 612 benedicendi
563 569 605 609 in
659 567 810 619 Vigilia
860 566 1136 619 Epiphaniae
1196 564 1316 605 iuxta
1366 564 1717 615 Evangeliarium
1771 563 2024 604 Croaticum

221 628 387 675 tollens,
419 629 467 667 ut
497 626 618 667 Ritui
650 626 852 666 Romano
886 624 997 665 aliae
1030 622 1258 664 Orationes
1292 624 1333 662 et
1366 621 1527 662 Psalmi
1560 634 1610 661 ex
1631 621 1795 662 Rituali
1817 620 2022 662 Romano

222 685 279 727 ad
309 685 461 738 populi
493 683 653 731 slavici,
695 682 981 723 abolitionem
1013 681 1140 721 Ritus
1173 679 1425 720 Graecanici
1458 692 1586 731 aegre
1618 678 1806 727 ferentis,
1853 678 2024 720 satisfa-

224 743 413 784 ctionem
461 742 680 782 addantur
726 739 933 791 indulget,
987 738 1339 779 animadvertens
1385 737 1653 790 Episcopum
1709 749 1787 789 per
1820 749 1866 777 se
1916 735 2024 776 nihil

223 800 385 842 addere
416 812 545 852 posse
579 798 712 839 cuivis
744 798 858 845 ritui,
894 797 950 837 ib.
986 794 1081 845 102,
1120 796 1211 836 103.

362 867 406 909 S.
441 867 730 919 Congregatio
779 866 834 907 de
880 866 1012 918 Prop.
1058 865 1165 906 Fide
1210 866 1381 918 partem
1433 863 1616 904 Missalis
1670 862 1913 915 Glagolitici
1974 875 2027 903 ex

224 925 477 967 Parciciana
508 925 760 965 recensione
793 926 834 964 et
864 922 1167 976 Appendicem
1215 922 1270 963 ad
1318 921 1434 962 idem
1479 933 1559 974 pro
1592 920 1813 973 aliquibus
1844 919 1952 961 locis
1985 922 2026 960 et

223 997 302 1036 pro
334 982 393 1023 ΠΙ
425 983 473 1024 Ο.
508 982 550 1023 S.
583 982 651 1023 Fr.
699 982 741 1022 in
788 981 913 1022 Istria
945 984 986 1021 et
1016 979 1234 1021 Dalmatia
1280 979 1441 1031 vulgat,
1487 978 1596 1028 XIX,
1630 979 1698 1027 91,
1731 978 1798 1020 92.
1860 977 2027 1019 Eadem

225 1041 268 1082 S.
304 1039 592 1092 Congregatio
626 1039 798 1080 Rituale
832 1038 1081 1080 Croaticu'm
1114 1037 1278 1078 Urbani
1302 1036 1395 1076 VIlI
1423 1050 1447 1078 a
1471 1036 1627 1077 Carolo
1651 1035 1803 1076 Parcis}
1836 1035 2026 1076 revisum

225 1100 267 1139 et
316 1111 341 1139 a
386 1097 666 1150 Metropolita
712 1097 956 1138 Dalmatiae
1008 1095 1295 1147 recognitum,
1349 1094 1405 1134 ib.
1442 1092 1548 1142 107„
1599 1094 1755 1135 eodem
1788 1093 1922 1134 modo
1974 1105 2026 1135 ac

160 1200 165 1207 ,
224 1156 381 1197 Missae
415 1155 717 1207 Glagoliticum
765 1168 790 1196 a
835 1154 880 1195 C.
913 1154 1064 1195 Parcic'
1097 1152 1298 1201 revisum,
1349 1154 1390 1192 et
1421 1151 1476 1192 ab
1511 1151 1664 1192 eadem
1697 1150 1741 1192 S.
1775 1150 2025 1203 Congrega-

225 1214 343 1254 tione
388 1213 659 1265 recognitum
706 1212 824 1253 iussu
870 1211 1096 1253 Pontificis
1126 1210 1288 1262 vulgat,
1330 1210 1388 1250 ib.
1426 1209 1531 1259 108„
1565 1209 1638 1249 cfr.
1673 1209 1783 1250 1083
1817 1208 1877 1262 (p.
1913 1207 2024 1262 174),

228 1272 319 1320 115,
361 1271 453 1311 116.
982 1312 985 1313 ⁷

364 1328 510 1378 Quum
526 1327 715 1369 Nuntius
732 1326 1013 1380 Apostolicus
1031 1324 1383 1366 Vindobonensis
1402 1324 1456 1365 de
1474 1323 1826 1376 repristinatione
1843 1324 2027 1376 Lgr.nae

224 1385 267 1426 in
298 1386 524 1438 provincia
554 1385 836 1426 Antibarensi
868 1384 1143 1432 declarasset,
1176 1396 1265 1423 non
1294 1382 1363 1434 agi
1397 1382 1450 1422 de
1484 1394 1599 1423 nova
1631 1395 1810 1433 prorsus
1843 1394 2023 1422 conces-

225 1444 360 1492 sione,
403 1443 480 1484 sed
513 1444 566 1484 de
612 1443 768 1484 veteris
815 1441 1109 1483 concessionis
1152 1440 1486 1482 confirmatione
1517 1439 1573 1480 ad
1605 1439 1874 1480 territorium
1903 1439 2025 1492 prin-

226 1501 394 1553 cipatus
425 1501 583 1542 Montis
614 1500 733 1553 Nigri
765 1502 935 1541 tantum
969 1501 1203 1547 coarctata,
1250 1499 1332 1538 hac
1365 1498 1419 1538 de
1452 1510 1584 1538 causa
1628 1497 1813 1538 eandem
1847 1509 2026 1538 conces-

226 1559 394 1599 sionem
416 1558 459 1598 in
485 1559 630 1600 favore
650 1558 881 1599 Slavorum
900 1559 1021 1598 extra
1039 1557 1241 1598 eumdem
1265 1555 1567 1608 principatum
1591 1555 1842 1606 degentium
1867 1554 2026 1596 adduci

225 1629 314 1657 non
345 1629 495 1669 posse;
545 1617 586 1656 in
619 1615 838 1657 nonnullis
880 1615 1156 1655 dioecesibus
1189 1613 1430 1654 Dalmatiae
1464 1614 1505 1652 et
1537 1612 1687 1653 Istriae
1720 1612 1773 1653 de
1805 1612 2026 1654 abolendo

225 1686 306 1714 usu
337 1674 640 1726 antiquissimo
673 1674 866 1725 Lgnnae,
910 1672 1117 1713 Gubernii
1148 1671 1320 1712 Politici
1352 1668 1499 1711 illicita
1529 1669 1771 1712 intrusione
1800 1670 1844 1711 in
1877 1669 2024 1720 Sacra,

226 1733 372 1772 actum
406 1735 488 1781 est3
543 1733 584 1772 et
617 1731 795 1784 quidem
842 1731 922 1771 sub
955 1732 1197 1783 praetextu,
1251 1728 1370 1781 quod
1414 1729 1479 1768 ius
1511 1728 1567 1768 ad
1600 1727 1807 1779 Lgr.nam
1839 1728 1907 1768 vel
1937 1740 2027 1769 non

225 1802 305 1830 usu
346 1789 411 1829 vel
437 1789 611 1841 linguae
653 1789 867 1829 croaticae
909 1788 1090 1829 abusiva
1136 1786 1445 1827 substitutione
1478 1785 1746 1833 exolevisset‚
1782 1784 1894 1834 XIX,
1929 1784 2023 1835 100,

228 1845 335 1887 1003
367 1846 425 1900 (p.
462 1846 571 1899 161),
609 1845 712 1887 1000
744 1846 803 1900 (p.
842 1845 959 1899 164);
1008 1845 1081 1886 cfr.
1118 1844 1222 1886 lOlc
1255 1844 1312 1897 (p.
1350 1844 1428 1884 172
1461 1843 1559 1896 ss.);
1606 1843 1768 1884 reactio
1817 1856 1869 1884 ex
1901 1845 2025 1895 parte

225 1904 378 1956 populi
409 1917 497 1944 non
531 1904 679 1951 defuit,
723 1903 919 1944 Comitiis
960 1903 1080 1955 regni
1115 1902 1358 1942 Dalmatiae
1402 1903 1553 1942 contra
1596 1900 1801 1941 Gubernii
1833 1900 2026 1941 illicitam

227 1962 511 2002 intrusionem
554 1962 597 2002 in
641 1962 915 2014 questionem
958 1960 1140 2012 Lgrnae
1186 1959 1531 2012 protestantibus
1573 1961 1617 1998 et
1659 1958 1890 2010 pacificam
1921 1958 2025 1999 frui-

228 2019 391 2059 tionem
435 2019 724 2072 antiquissimi
765 2018 977 2070 privilegii
1019 2017 1251 2058 nationalis
1299 2030 1324 2058 a
1367 2015 1409 2057 S.
1444 2015 1557 2057 Sede
1589 2016 1785 2056 concessi
1815 2015 2026 2057 invocan-

227 2076 355 2124 tibus,
388 2077 445 2117 ib.
483 2077 586 2117 1000
618 2076 677 2129 (p.
712 2075 823 2129 163),
862 2075 965 2116 1010
997 2075 1055 2129 (p.
1092 2075 1170 2116 172
1204 2074 1291 2127 ss).
1341 2073 1510 2123 Quibus
1544 2073 1850 2114 controversiis
1881 2068 2030 2115 remo-⁴

228 2133 381 2174 vendis
424 2133 664 2175 Ordinariis
705 2133 1030 2186 provinciarum
1079 2132 1343 2179 Goritiensis,
1397 2130 1701 2183 Zagrabiensis
1734 2133 1776 2172 et
1806 2131 2026 2172 Jadrensis

228 2191 552 2244 provinciarum
605 2190 646 2231 S.
679 2191 863 2231 Rituum
897 2189 1257 2242 Congregationis
1308 2189 1498 2242 primum
1549 2188 1862 2230 Resolutiones
1912 2189 2027 2230 circa

227 2261 355 2289 usum
386 2248 559 2299 linguae
591 2248 775 2288 slavicae
808 2248 851 2288 in
882 2248 1038 2299 Lgr.na
1069 2260 1184 2288 anno
1222 2247 1343 2294 1892,
1378 2248 1420 2287 et
1451 2246 1610 2286 deinde
1643 2246 1797 2287 eadem
1829 2245 1874 2287 S.
1908 2246 2024 2288 Con'-

229 2305 480 2357 gregatione
525 2305 745 2346 mediante
792 2305 978 2345 Litterae
1024 2304 1272 2345 Decretales
1322 2317 1347 2345 a
1392 2303 1596 2356 peculiari
1645 2305 1773 2344 coetu
1819 2303 1862 2344 S.
1893 2304 1946 2344 R.
1979 2303 2026 2344 E.

231 2363 526 2404 Cardinalium
560 2363 784 2403 confectae
816 2365 856 2402 et
888 2375 913 2403 a
943 2362 1156 2402 Pontifice
1188 2361 1427 2402 ratificatae
1459 2373 1573 2402 anno
1611 2361 1718 2401 1898
1751 2361 1880 2402 datae
1911 2363 2025 2411 sunt,

229 2420 388 2473 quibus
419 2420 575 2473 Lgr.na
619 2420 733 2460 reale
774 2419 1062 2471 privilegium,
1105 2431 1194 2459 non
1226 2432 1328 2459 vero
1360 2419 1590 2471 personale
1623 2418 1736 2466 cleri,
1770 2417 2027 2469 declaratur,

230 2491 318 2519 una
351 2491 433 2519 cun
466 2477 624 2530 regulis
655 2477 860 2530 practicis
893 2477 947 2518 ad
982 2476 1300 2517 controversias
1331 2476 1559 2524 tollendas,
1598 2476 1654 2516 ib.
1690 2476 1783 2526 106,
1819 2476 1912 2517 109.

369 2547 469 2596 Sed,
522 2559 657 2599 quum
703 2545 1025 2597 rigorosissima
1076 2544 1376 2597 interpretatio
1424 2544 1683 2585 Litterarum
1734 2544 2027 2586 Decretalium

230 2605 330 2646 anni
366 2605 474 2647 1898
506 2604 550 2645 in
583 2603 745 2645 diocesi
779 2603 975 2643 Jadrensi
1008 2605 1049 2643 et
1081 2601 1529 2649 Parentino-Polensi,
1573 2602 1630 2642 ib.
1665 2601 1758 2649 110,
1794 2602 1886 2650 113,
1933 2614 2027 2654 gra-

229 2662 371 2704 viores
401 2665 547 2702 motus
569 2661 612 2701 in
634 2661 801 2713 populo
834 2660 1142 2707 suscitavisset‚
1167 2672 1217 2699 eo
1241 2659 1379 2710 magis
1412 2659 1531 2712 quod
1564 2659 1721 2700 Politia
1754 2659 2028 2700 Gubernialis

230 2721 287 2761 ad
328 2719 644 2773 appellationes
691 2718 747 2759 ad
780 2718 823 2758 S.
857 2717 1015 2758 Sedem
1058 2716 1380 2769 intercipendas
1421 2716 1619 2756 adhibita
1659 2716 1797 2763 fuerit,
1840 2717 1897 2757 ib.
1934 2717 2027 2765 112,

232 2777 423 2818 ecclesiis
475 2776 728 2829 glagoliticis
781 2775 1000 2816 Jadrensis
1051 2774 1303 2815 dioeceseos
1351 2775 1392 2814 et
1436 2773 1718 2825 Delegatione
1768 2773 2029 2815 Provinciali

230 2835 473 2876 Dalmatica
505 2835 560 2875 ad
593 2833 636 2874 S.
662 2832 821 2873 Sedem
854 2832 1197 2885 protestantibus
1221 2834 1258 2871 et
1282 2831 1510 2882 pacificam
1534 2831 1783 2871 fruitionem
1815 2831 2028 2884 antiquis-

232 2892 330 2933 simi
360 2891 573 2944 privilegii
605 2892 787 2943 Lgr.nae
819 2889 1136 2936 invocantibus
1170 2888 1227 2929 ib.
1255 2888 1345 2936 111,
1380 2888 1451 2928 cfr.
1480 2888 1613 2935 109Α,
1644 2888 1748 2929 bina
1780 2888 2029 2929 authentica

233 2949 593 3002 interpretatione
624 2948 886 2988 Litterarum
919 2946 1208 2987 Decretalium
1252 2945 1351 2986 anni
1389 2946 1495 2986 1898
1544 2945 1586 2986 S.
1618 2946 1802 2986 Rituum
1833 2945 2027 2997 Congre-

233 3007 348 3058 gatio
395 3019 510 3047 anno
561 3006 670 3046 1900
703 3007 743 3045 et
788 3003 895 3045 1902
939 3005 1151 3045 declarat-z
1201 3002 1409 3055 temporis
1456 3003 1646 3055 spatium
1692 3016 1772 3054 pro
1814 3002 2029 3056 praescri-

231 3064 382 3116 ptione
414 3077 518 3104 usus
564 3063 743 3115 Lgrnae
775 3062 1070 3102 favorabiliter
1115 3060 1374 3101 sumendum
1410 3072 1515 3105 csse,
1561 3060 1616 3100 ib.
1651 3060 1731 3102 109
1777 3060 1829 3109 A,
1874 3060 1922 3100 B.
1955 3059 2028 3100 cfr.

236 3120 329 3161 118.
364 3121 461 3170 Qua
495 3121 548 3161 de
580 3132 711 3161 causa
743 3119 913 3159 Primus
937 3119 1205 3171 Congressus
1228 3117 1465 3157 catholicus
1490 3117 1727 3169 Zagrabiae
1751 3130 1802 3158 ex
1825 3117 2029 3157 omnibus

231 3178 471 3230 provinciis
515 3176 820 3231 praesentibus
868 3176 999 3217 etiam
1041 3188 1199 3217 novem
1245 3174 1463 3227 episcopis
1503 3176 1782 3225 convocatus,
1827 3173 2030 3214 Pontifici
