2243 3444
434 313 479 348 92
1026 309 1220 343 Fontes
1248 308 1525 350 Liturgiae

1138 453 1192 491 Li
1211 456 1224 491 t
1240 456 1253 491 t
1272 464 1293 491 e
1313 464 1330 491 r
1347 464 1368 490 a
1385 464 1406 491 e

770 537 835 575 De
870 548 947 575 usu
983 536 1168 585 Linguae
1203 533 1380 574 slavicae
1415 535 1454 574 in
1489 534 1745 585 §.Liturg1a.
2066 559 2102 590 0

533 620 656 660 Quae
691 619 918 670 praecipue
954 617 1219 657 observanda
1254 621 1361 665 sunt,
1393 615 1458 657 vel
1494 618 1680 657 cavenda
1703 619 1812 657 clrca
1835 630 1958 657 usum
1988 615 2158 667 palaeo-

389 678 530 720 slavici
565 679 774 718 idiomatis
808 679 847 716 In
882 690 913 716 s.
936 675 990 716 lit.
1017 676 1056 716 S.
1089 678 1195 716 haec
1223 676 1385 726 Congr.
1409 677 1491 727 jam
1527 677 1653 716 edixit
1686 677 1753 716 die
1793 678 1842 717 13
1890 677 2008 716 Febr.
2048 678 2156 716 1892

388 743 512 789 atque
548 739 595 777 iis
629 741 870 788 opportune
905 736 1155 786 significavit
1178 733 1397 775 Slavorum
1433 736 1582 775 Merid.
1608 737 1845 786 Episcopis,
1869 737 1940 786 qui
1966 733 2156 775 ecclesiis
2198 737 2199 782 j
2237 770 2243 776 .

388 801 586 848 praesunt
619 797 690 836 ubi
725 795 936 835 eiusmodi
971 796 1110 845 praxis
1143 793 1323 834 invaluit.
1360 795 1468 834 Cum
1492 807 1594 834 vero
1617 796 1697 834 hac
1729 807 1858 846 super
1888 807 1932 834 re
1955 794 2034 845 Ap.
2059 794 2158 834 Sedi
2198 834 2202 839 ,
2238 817 2242 820 >

386 869 495 896 nova
529 857 747 906 proposita
781 856 861 894 sint
894 855 1022 894 dubia
1044 853 1176 893 Sams.
1202 854 1253 893 D.
1277 855 1328 893 N.
1352 855 1437 893 Leo
1472 854 1523 893 D.
1550 855 1591 893 Ρ.
1618 855 1728 905 Papa
1751 855 1833 894 XIII
1857 866 1936 905 pro
1958 866 2032 893 sua
2057 866 2156 904 erga
2237 889 2243 894 .,

387 914 534 955 Slavos
568 919 736 965 paterna
771 912 1069 961 sollicitudine,
1104 913 1156 952 ad
1191 913 1427 964 praedictas
1472 926 1644 953 normas
1689 911 1974 953 enucleandas
2020 916 2059 953 et
2090 914 2158 952 fir·
2200 935 2201 938 =
2236 910 2239 914 ’

388 975 576 1022 mandas,
612 985 871 1023 omnemque
906 972 1211 1012 removendam
1259 971 1588 1023 perplexitatem,
1636 985 1762 1022 grave
1804 974 1889 1012 hoc
1937 973 2157 1022 negotium

388 1032 611 1084 peculiaris
645 1036 793 1072 coetus
840 1032 879 1072 S.
906 1034 949 1074 R.
973 1033 1015 1071 E.
1051 1030 1338 1071 Cardinalium
1385 1033 1563 1071 examini
1614 1033 1798 1072 submitti
1843 1032 1974 1082 jussit.
2014 1055 2059 1059 —
2100 1033 2157 1074 Re

387 1094 510 1142 igitur
534 1094 572 1131 in
599 1093 798 1131 omnibus
832 1096 990 1131 mature
1025 1088 1249 1141 perpensa,
1285 1092 1533 1141 attentisque
1568 1090 1842 1131 Summorum
1867 1092 1984 1130 Pont.
2011 1090 2158 1131 Const.

387 1156 426 1191 et
458 1152 662 1199 Decretis,
697 1152 941 1201 praesertim
985 1151 1213 1190 Innocentii
1248 1151 1311 1198 IV,
1347 1151 1417 1200 qui
1464 1151 1687 1201 Episcopis
1733 1150 1859 1200 Segn.
1885 1162 1919 1189 a.
1963 1151 2086 1189 1248.
2122 1153 2160 1189 et

387 1209 565 1260 Veglen.
601 1223 634 1249 a.
677 1212 785 1250 1252
821 1208 972 1249 slavica
1008 1210 1151 1249 utendi
1185 1208 1328 1259 lingua
1363 1210 1576 1249 concessit
1608 1207 1814 1249 licentiam
1850 1210 1890 1248 in
1925 1207 2004 1249 illis
2038 1209 2159 1248 dum-

385 1275 491 1309 taxat
524 1270 710 1320 partibus
745 1270 815 1308 ubi
860 1270 912 1309 de
956 1269 1266 1308 consuetudine
1310 1269 1586 1308 observantur
1631 1270 1875 1319 praemissa,
1917 1268 2157 1308 dummodo
2201 1278 2203 1281 ·
2241 1270 2243 1272 ’

388 1342 437 1368 ex
471 1330 602 1379 ipsius
634 1330 826 1368 varietate
861 1327 1016 1368 litterae
1041 1329 1242 1368 sententia
1276 1340 1362 1367 non
1384 1326 1598 1376 laedatur3
1632 1329 1728 1368 item
1753 1328 1913 1368 Urbani
1935 1328 2018 1368 VIII
2037 1328 2158 1378 cuius

385 1389 502 1439 jussu
538 1401 571 1427 a.
613 1389 714 1428 1631
756 1386 849 1427 libri
883 1386 1062 1437 liturgici
1097 1386 1338 1437 glagolitice
1374 1388 1472 1426 editi
1506 1391 1613 1435 sunt,
1649 1387 1700 1426 ad
1732 1399 1856 1427 usum
1881 1385 2158 1426 ecclesiarum

387 1448 459 1487 ubi
502 1448 704 1487 hactenus
750 1448 936 1497 praefato
982 1447 1180 1486 idiomate
1225 1445 1481 1486 celebratum
1516 1447 1601 1495 fuit⁷
1635 1447 1713 1486 nisi
1759 1444 1980 1486 maluerint
2012 1444 2159 1494 latino;

387 1518 466 1546 nec
499 1519 585 1545 non
621 1507 835 1546 Benedicti
870 1506 973 1554 XIV,
992 1507 1063 1556 qui
1097 1518 1250 1546 novam
1286 1507 1476 1556 ipsorum
1499 1504 1704 1545 librorum
1729 1506 1959 1545 editionem
1984 1518 2018 1545 a.
2049 1507 2158 1545 1754

386 1567 665 1605 authenticam
701 1564 936 1614 declaravit,
971 1577 1050 1615 pro
1095 1566 1142 1605 iis
1177 1566 1247 1615 qui
1282 1566 1403 1604 ritum
1448 1563 1757 1604 slavo-latinum
1803 1565 2076 1615 profitentur:
2111 1576 2160 1603 ac
2197 1595 2198 1598 η
2242 1590 2243 1594 =

388 1626 560 1664 demum
596 1626 653 1664 Pii
685 1625 750 1672 VI,
771 1625 842 1675 qui
877 1637 910 1664 a.
951 1626 1053 1664 1791
1094 1625 1346 1664 Breviarium
1382 1624 1472 1674 eius
1506 1625 1704 1675 auspiciis
1738 1624 1882 1663 denuo
1905 1624 2159 1674 impressum
2197 1619 2207 1677 ᾗ

392 1685 654 1733 recognovit,
690 1684 816 1723 iidem
852 1685 999 1723 Emmi
1034 1684 1175 1723 Patres
1209 1696 1279 1723 eas
1314 1696 1421 1734 quae
1456 1687 1691 1734 sequuntur
1716 1681 1885 1733 regulas
1919 1685 2158 1731 statuerunt,
2197 1704 2198 1709 =

396 1742 571 1793 illasque
607 1742 806 1782 Sanctitas
828 1743 909 1782 Sua
934 1746 1039 1782 ratas
1063 1743 1219 1791 habuit,
1245 1743 1494 1793 adprobavit
1518 1746 1556 1782 et
1580 1744 1619 1782 in
1643 1746 1861 1793 posterum
1884 1742 1935 1781 ab
1961 1742 2161 1782 omnibus

390 1801 584 1841 inviolate
619 1803 773 1841 servari
809 1803 1039 1842 mandavit:
2206 1802 2209 1851 ζ

530 1863 554 1900 I.
590 1861 704 1901 Usus
737 1859 1069 1912 palaeoslavicae
1104 1859 1272 1911 linguae
1307 1862 1346 1900 in
1381 1874 1412 1900 s.
1439 1859 1602 1911 liturgia
1649 1861 1909 1900 considerari
1943 1864 1982 1900 et
2013 1860 2159 1899 haberi
2206 1904 2208 1909 ,

388 1921 515 1960 debet
547 1919 659 1960 velut
691 1919 802 1960 reale
837 1919 1106 1971 privilequm
1141 1921 1263 1960 certis
1297 1921 1521 1960 inhaerens
1555 1918 1760 1968 ecclesiis,
1786 1920 1956 1959 minime
1978 1931 2080 1959 vero
2105 1919 2158 1959 ad
2206 1916 2210 1960 Ϊ

389 1981 512 2019 instar
536 1978 740 2029 privilegii
765 1978 1015 2030 personalis,
1039 1980 1158 2030 quod
1182 1978 1398 2019 nonnullis
1421 1980 1717 2019 sacerdotibus
1736 1982 1960 2029 competat.
1985 1979 2139 2029 Episco
2206 1974 2211 2027 f

389 2051 541 2088 porum
577 2040 700 2088 igitur
735 2040 861 2078 officii
896 2051 1050 2078 munus
1085 2040 1170 2086 erit,
1206 2040 1245 2078 in
1281 2051 1536 2089 unaquaque
1579 2039 1767 2078 dioecesi
1803 2050 1929 2088 quam
1975 2038 2158 2088 primurn
2207 2040 2210 2079 ἶ

389 2099 602 2137 conficere
638 2099 822 2137 indicem
857 2111 932 2138 seu
967 2096 1207 2147 catalogum
1252 2096 1527 2137 ecclesiarum
1572 2099 1762 2137 omnium
1803 2102 1841 2137 et
1882 2095 2158 2146 singularum,
2204 2110 2206 2115 ¹

389 2169 494 2206 quas
528 2161 641 2196 certo
677 2161 852 2206 constet,
888 2159 926 2196 in
961 2170 1163 2207 praesens
1198 2170 1245 2196 ea
1279 2158 1562 2196 concessione
1596 2158 1668 2196 rite
1700 2157 1837 2207 potiri.
1867 2180 1911 2184 —
1942 2156 2008 2195 Ad
2031 2156 2158 2195 dubia
2208 2155 2210 2201 ζ

389 2228 519 2265 porro
555 2217 804 2264 amovenda,
841 2218 984 2256 asserti
1018 2214 1223 2266 privilegii
1267 2217 1462 2266 probatio
1505 2217 1748 2255 desumatur
1797 2228 1846 2254 ex
1891 2215 2159 2254 documentis
2208 2235 2209 2238 =

392 2287 439 2313 ac
471 2276 732 2323 testimoniis,
769 2288 877 2325 quae
913 2277 951 2315 in
971 2279 1058 2314 tuto
1093 2279 1251 2326 ponant
1273 2279 1311 2314 et
1334 2276 1470 2325 probe
1495 2276 1786 2314 demonstrent
1809 2272 1911 2314 illud
1933 2272 2156 2313 Invaluisse
2208 2281 2210 2302 ἱ

389 2337 428 2373 et
460 2346 608 2383 reapse
641 2335 784 2383 vigere
818 2336 981 2384 triginta
1016 2333 1160 2374 saltem
1202 2335 1355 2373 abhinc
1389 2335 1527 2382 annis3
1562 2334 1681 2384 quod
1726 2334 1930 2383 temporis
1978 2334 2157 2383 spatium
2208 2370 2210 2385 ,

390 2394 428 2431 in
482 2405 524 2432 re
574 2395 781 2443 praesenti
831 2398 1028 2443 tanquam
1087 2394 1302 2433 sufficiens
1350 2394 1527 2433 habetur
1580 2406 1630 2432 ex
1678 2391 1937 2442 indulgentia
1986 2389 2158 2443 speciali
2207 2410 2210 2424 ι

389 2451 428 2490 S.
455 2451 588 2491 Sedis.
2206 2498 2208 2504 1

531 2510 570 2549 Si
607 2523 713 2560 quae
738 2511 942 2562 deinceps
976 2512 1288 2551 controversiae
1313 2514 1380 2550 aut
1404 2511 1667 2550 difficultates
1690 2511 1729 2549 in
1762 2510 1973 2561 eiusmodi
2001 2509 2156 2559 proba·
2235 2503 2239 2514 ³

387 2570 549 2608 tionum
595 2571 770 2619 negotio
815 2572 1013 2618 orlantur,
1063 2571 1152 2609 illas
1194 2571 1394 2620 EpiScopi
1429 2569 1468 2609 S.
1503 2570 1666 2612 RItuum
1703 2569 1888 2619 Cong.ni
1923 2568 2159 2618 subjiciant,
2206 2565 2220 2589 ³

389 2640 527 2666 rerum
563 2628 755 2678 adjuncta
790 2631 993 2680 explicate
1017 2632 1055 2669 et
1076 2630 1268 2668 distincte
1293 2629 1552 2679 exponendo
1576 2641 1653 2679 pro
1679 2629 1946 2678 singulorum
1982 2639 2156 2666 casuum
2203 2664 2207 2673 ,

389 2687 615 2726 solutione.
2207 2726 2210 2733 ,

535 2746 574 2785 II.
619 2746 836 2785 PraedIcto
882 2747 1156 2786 ecclesiarum
1202 2747 1553 2797 privilegiatarum
1600 2745 1738 2785 indice
1783 2745 1914 2784 semel
1960 2745 2156 2784 confecto
2205 2759 2236 2790 .,

393 2807 431 2842 et
465 2804 724 2853 pubblicato,
759 2806 860 2844 nulli
884 2818 1060 2856 prorsus
1083 2806 1237 2852 licebit,
1273 2807 1311 2844 in
1336 2806 1426 2845 aliis
1449 2805 1664 2851 Ecclesiis,
1699 2816 1970 2854 quacumque
1996 2804 2156 2843 ratione
2204 2795 2221 2868 {f

390 2863 453 2901 vel
489 2864 639 2912 quovis
674 2867 900 2913 praetextu,
942 2865 1127 2915 linguam
1173 2865 1522 2915 palaeoslavicatn
1559 2865 1598 2903 in
1632 2876 1664 2903 5.
1687 2864 1896 2913 liturgiam
1931 2863 2153 2909 inducere3
2223 2876 2238 2891 ·=

391 2922 422 2959 si
470 2922 571 2971 quid
615 2934 713 2961 vero
759 2935 882 2962 secus
929 2927 996 2962 aut
1040 2928 1185 2963 contra
1229 2924 1452 2973 contigerit
1497 2923 1694 2970 attentari,
1741 2921 1978 2961 istiusmodi
2029 2933 2156 2960 ausus
2203 2927 2211 2970 ρ,

391 2991 535 3019 severa
569 2982 827 3020 coercitione
860 2983 1152 3032 reprimantur.
2203 2996 2216 3068 1;

2219 3068 2222 3083 Ι

532 3051 586 3090 III.
623 3052 662 3089 In
698 3053 889 3091 ecclesiis
924 3064 1033 3102 quae
1068 3065 1194 3103 supra
1228 3054 1462 3092 memorato
1498 3052 1684 3101 gaudent
1711 3051 1948 3101 privilegio,
1983 3049 2154 3089 Sacrum
2203 3065 2211 3102 ς

391 3109 529 3147 fecere
573 3113 610 3148 et
656 3110 843 3149 officium
885 3112 1128 3160 persolvere
1175 3111 1345 3161 publica
1391 3114 1428 3150 et
1470 3111 1651 3150 solemni
1696 3110 1855 3149 ratione
1902 3109 2153 3159 permissum
2207 3106 2220 3156 J·

392 3168 602 3207 exclusive
655 3170 730 3207 erit
794 3170 1105 3219 palaeoslavico
1161 3170 1379 3217 idiomate,
1436 3181 1708 3219 quacumque
1765 3169 1930 3207 seclusa
1989 3168 2155 3206 alterius
2203 3179 2243 3197 ἰ-

393 3225 560 3275 linguae
595 3227 867 3268 immixtione.
903 3229 1010 3267 Libri
1045 3229 1097 3267 ad
1131 3228 1255 3268 Sacra
1289 3231 1327 3267 et
1359 3228 1411 3267 ad
1446 3227 1649 3267 Officium
1680 3227 1910 3266 adhibendi
1944 3227 2156 3266 characte-
