2191 3434
600 306 1136 349 Olagolito-Romanae
1162 306 1255 342 XIX.
1284 317 1312 341 5.
1766 310 1809 342 25

81 453 149 491 dei
183 449 341 502 prelati,
378 452 387 490 i
422 450 534 501 quali
569 452 818 501 portandosi
843 463 969 501 sopra
994 449 1144 500 luogo,
1170 451 1466 500 giudicassero
1493 452 1858 491 deffinitivamente

82 512 149 551 cio
185 511 264 550 che
299 511 563 550 crederanno
609 509 768 560 meglio
809 511 1037 550 convenire
1079 522 1155 560 per
1198 509 1221 549 il
1271 511 1353 550 ben
1390 509 1602 561 spirituale
1638 511 1678 549 di
1714 516 1858 560 questa

80 568 382 621 popolazione,
418 571 496 609 che
531 571 564 609 si
599 574 810 619 assogetta
846 570 886 609 di
922 570 1039 609 buon
1065 570 1200 619 grado
1227 570 1268 608 di
1293 568 1482 620 supplire
1507 582 1528 608 a
1549 574 1647 609 tutte
1672 568 1709 609 le
1734 583 1859 620 spese

80 628 190 669 della
225 628 445 679 implorata
480 630 753 668 comissione.

218 688 395 729 Ardisce
432 693 583 739 questo
618 687 784 739 popolo
811 689 851 727 di
886 687 1080 728 riilettere
1116 701 1136 727 a
1159 692 1300 727 vostra
1326 687 1495 735 maesta,
1532 689 1610 728 che
1646 689 1654 727 i
1686 689 1768 728 due
1791 701 1860 727 ve-

79 749 196 789 scovi
229 749 352 788 vicini
388 749 428 787 di
464 748 603 798 Segna
639 761 660 787 e
696 749 736 787 di
770 746 933 797 Veglia,
974 749 1061 787 noti
1103 760 1178 798 per
1212 746 1248 786 la
1289 746 1384 787 loro
1429 748 1660 798 prudenza,
1701 746 1803 786 virtu
1840 760 1860 787 e

80 809 236 859 perizia
270 807 380 848 delle
415 820 518 848 cose
543 806 872 855 ecclesiastiche‚
897 807 1161 858 potrebbero
1187 819 1424 857 cooperare
1451 805 1527 846 alla
1553 808 1691 857 quiete
1715 807 1756 846 di
1781 820 1861 846 una

80 865 384 918 popolazione,
420 866 456 906 la
491 865 615 917 quale
650 865 841 906 lodando
868 867 939 906 dio
965 868 1139 916 signore
1162 865 1271 906 nella
1295 879 1370 906 sua
1395 865 1538 916 lingua
1561 865 1716 913 illirica,
1741 865 1861 916 sapra

81 927 257 966 mandat
290 926 325 966 al
361 926 470 966 cielo
507 928 515 965 i
550 925 623 977 piu
657 927 803 966 fervidi
836 927 920 965 voti
962 939 1037 976 per
1078 924 1113 964 la
1149 927 1475 976 preservazione
1511 924 1578 965 del
1614 925 1686 976 piu
1722 927 1860 975 giusto

79 999 109 1039 ε,
136 987 207 1036 ρ10
250 990 307 1026 113
353 988 361 1026 1
397 987 578 1034 5οντ3111,
614 998 635 1025 e
677 999 753 1036 per
799 984 835 1025 la
882 998 1068 1036 perenne
1103 984 1253 1025 felicita
1301 984 1398 1025 dell’
1424 986 1723 1035 augustissima
1767 998 1862 1024 casa

80 1046 315 1086 d’Austria.
352 1047 501 1086 Lossin
543 1046 717 1085 Grande
752 1044 776 1084 li
813 1047 866 1085 30
897 1046 1123 1085 settembre
1174 1046 1296 1085 1803.
1340 1044 1526 1085 Umiliss.
1554 1045 1739 1084 divotiss.
1773 1045 1863 1084 ubi-

80 1105 269 1146 dientiss.
295 1106 450 1145 sudditi
486 1118 507 1144 e
539 1103 708 1145 vassali:

222 1164 386 1216 filippo
423 1166 584 1204 Petrina
619 1165 788 1214 giudice
824 1166 1078 1212 comitativo‚
1114 1177 1223 1214 capo
1260 1162 1428 1214 popolo
1453 1176 1473 1203 e
1509 1168 1802 1214 procuratore.

224 1226 400 1276 Capitan
434 1225 620 1264 Antonio
656 1225 840 1274 Ragusin
877 1228 1167 1274 procuratore.

224 1286 404 1325 Martino
439 1284 637 1323 Botterini
673 1284 839 1323 nodaro
865 1282 1040 1334 publico
1067 1296 1088 1322 e
1112 1284 1278 1333 giurato
1315 1284 1368 1322 mi
1405 1283 1658 1322 sottoscrivo
1683 1294 1758 1332 per
1779 1282 1862 1321 An-

81 1347 199 1386 tonio
225 1345 431 1384 Budinich
468 1356 507 1393 q.
531 1344 678 1383 Martin
705 1356 726 1383 e
750 1345 893 1383 Zuane
916 1342 1128 1382 Bellanich
1156 1354 1196 1395 q.
1222 1344 1366 1382 Zuane
1391 1343 1658 1392 procuratori
1677 1354 1753 1391 per
1774 1353 1861 1380 non

80 1418 204 1456 saper
237 1403 331 1444 loro
367 1405 562 1443 scrivere.

221 1509 298 1545 Rad
328 1507 517 1551 Jugoslav.
539 1507 768 1552 Akademije,
797 1508 897 1550 LVII,
927 1508 994 1542 178
1022 1517 1072 1542 ss.

559 1654 628 1694 13.
669 1652 805 1702 1803,
845 1651 903 1692 12
931 1650 1133 1702 Octobri,
1170 1648 1361 1705 Segnae.

224 1762 464 1812 Episcopus
498 1760 729 1809 Segnensis
755 1764 792 1799 et
816 1760 1119 1799 Moduscensis
1142 1760 1328 1809 Joannes
1348 1758 1529 1808 Baptista
1552 1756 1660 1807 Jesic'
1687 1755 1862 1806 publico

83 1834 222 1874 edicto
257 1831 401 1872 13153111
437 1832 714 1871 assertionem
751 1830 849 1870 cleri
886 1831 1049 1870 Lossini
1086 1831 1261 1869 Maioris
1296 1830 1453 1869 refutat.

221 1929 407 1979 Joannes
454 1928 635 1977 Baptista
683 1928 836 1978 Jesich,
888 1927 1027 1965 divina
1083 1926 1345 1976 providentia
1399 1925 1603 1963 canonice
1656 1924 1862 1962 unitarum

83 1988 322 2038 segniensis
356 1999 403 2026 30
438 1987 771 2026 modrussiensis
805 1998 879 2025 seu
905 1986 1194 2025 corbaviensis
1219 1985 1466 2035 episcopus,
1493 1995 1634 2022 sacrae
1667 1994 1862 2021 caesaree

83 2052 121 2088 et
154 2048 296 2097 regiae
331 2045 593 2097 apostolicae
630 2047 854 2085 maiestatis
889 2044 1158 2084 consiliarius
1193 2049 1269 2083 etc.

226 2108 286 2146 Eo
324 2104 550 2153 intellecto,
587 2106 705 2155 quod
742 2106 920 2144 Lussinii
947 2105 1087 2154 magni
1124 2103 1284 2143 insulae
1311 2108 1348 2142 et
1373 2102 1588 2141 dioecesis
1610 2101 1866 2140 Abserensis

85 2168 203 2207 sinus
236 2165 414 2205 flanatici
451 2165 600 2215 oppidi
636 2164 774 2204 clerus
808 2177 1067 2211 sermonem,
1104 2176 1190 2213 quo
1227 2164 1277 2202 ab
1320 2159 1647 2201 immemorabili
1684 2161 1722 2199 in
1757 2159 1865 2210 ρ531-

86 2227 243 2266 modia.
270 2224 524 2274 liturgiaque
550 2225 589 2263 in
612 2225 694 2263 vim
721 2222 1040 2275 privilegiorum
1064 2236 1084 2262 a
1109 2224 1212 2262 sede
1238 2220 1486 2273 apostolica,
1510 2221 1723 2270 signanter
1746 2221 1865 2258 Inno-

85 2287 223 2326 centio
259 2285 308 2324 lv
338 2285 495 2323 nationi
537 2283 691 2323 iliricae
732 2295 1040 2323 concessorum
1078 2283 1281 2329 utebatur,
1319 2281 1588 2325 deseruisset,
1614 2292 1661 2318 ac
1695 2278 1864 2318 latinum

87 2345 401 2395 assumpsisset,
437 2347 662 2393 propterea
697 2344 816 2394 quod
852 2341 1090 2382 cathedrale
1138 2340 1366 2392 capitulum
1401 2344 1593 2379 nostrum
1640 2339 1865 2387 segniense

88 2405 274 2455 idipsum
310 2403 497 2442 fecisset:
534 2415 761 2442 erroneum
796 2404 961 2442 huncce
996 2414 1213 2441 rumorem
1249 2413 1327 2451 pro
1370 2400 1497 2439 0111011
1531 2399 1661 2438 nostri
1697 2398 1866 2446 exigen-

83 2465 179 2504 tiam
215 2464 420 2512 dissipare
454 2461 658 2509 volentes,
706 2463 821 2501 hisce
867 2466 1059 2501 testatum
1103 2462 1294 2501 iacimus.
1343 2461 1381 2498 in
1427 2456 1638 2498 cattedrali
1683 2456 1865 2496 ecclesia

84 2527 225 2563 nostra
266 2522 496 2571 segniensi,
539 2523 589 2561 ab
639 2522 850 2561 eiusmodi
887 2520 1071 2571 capitulo
1116 2533 1212 2560 cum
1258 2518 1497 2569 psalmodia
1542 2523 1627 2556 tum
1674 2515 1866 2565 liturgica

86 2584 315 2632 omniaque
351 2581 489 2620 divina
525 2582 663 2620 0111013
697 2594 743 2620 30
779 2579 949 2631 publica
985 2593 1080 2619 cum
1117 2579 1477 2619 administratione
1503 2580 1865 2616 sacramentorum

87 2654 237 2692 preces
272 2641 386 2680 omni
422 2644 615 2691 tempore
651 2641 850 2680 idiomate
886 2639 1034 2679 illirico
1060 2644 1250 2689 peractas
1274 2639 1416 2677 fuisse.
1443 2641 1566 2686 atque
1599 2636 1637 2673 in
1663 2647 1866 2685 praesens

87 2702 288 2740 amussim
325 2699 568 2747 observari3
604 2705 641 2739 et
675 2700 849 2750 quidem
885 2700 935 2738 ita
971 2703 1012 2738 ut
1046 2699 1097 2738 ad
1133 2699 1427 2737 canonicatum
1464 2695 1649 2746 promoti
1674 2695 1865 2732 trimestri

88 2773 110 2800 e
144 2773 223 2800 suo
259 2762 297 2799 111
340 2758 568 2809 03ρ1111111111
614 2760 807 2807 ingressu
856 2757 1088 2805 intervallo,
1137 2755 1441 2806 ‹glagolismum
1487 2755 1740 2793 condiscere
1787 2754 1865 2791 sub

88 2820 316 2859 amissione
360 2823 641 2869 proventuum
685 2822 914 2857 teneantur.
959 2819 1179 2857 Testamur
1223 2822 1457 2866 praeterea:
1507 2813 1866 2863 praedecessores

88 2883 259 2918 nostros
294 2879 546 2927 segnieuses
581 2882 619 2917 et
653 2878 998 2917 modrussienses
1039 2878 1286 2926 episcopos.
1336 2886 1447 2923 quos
1482 2875 1584 2911 inter
1631 2872 1864 2921 principem

90 2936 232 2977 locum
276 2939 461 2988 joannes
508 2937 559 2976 de
604 2937 800 2976 Dominis
847 2949 957 2976 anno
1006 2938 1112 2975 1527
1162 2940 1199 2974 et
1241 2935 1425 2985 joannes
1470 2932 1647 2981 Baptista
1690 2930 1864 2977 Agauen

90 3009 200 3036 anno
242 2998 364 3045 1624,
400 2997 451 3035 ad
477 2997 597 3047 cujus
622 3009 772 3047 preces
797 2996 1000 3046 impensis
1026 3007 1168 3034 sacrae
1195 2991 1543 3041 congregationis
1568 2989 1660 3028 libri
1685 2988 1864 3036 liturgici

91 3054 220 3095 illirici
257 3057 393 3095 recusi
428 3056 558 3098 tuere,
593 3060 735 3095 tenere
771 3056 1094 3103 dignoscuntur,
1142 3054 1180 3091 in
1217 3051 1514 3091 conservando
1557 3048 1752 3095 liturgico
1788 3049 1865 3086 isto

91 3113 338 3165 privilegiali
375 3115 573 3154 idiomate
607 3119 719 3154 totos
755 3115 1012 3155 incubuisse,
1049 3125 1094 3151 30
1121 3112 1314 3150 moderni
1342 3110 1501 3148 domini
1527 3107 1721 3157 episcopi
1747 3107 1866 3145 abse-

91 3175 224 3214 rensis
244 3175 528 3216 Rakamarichi
550 3174 930 3223 praedecessorem
951 3172 1245 3210 doctissimum
1268 3170 1565 3209 Caramanum.
1585 3166 1708 3205 subin
1725 3166 1866 3215 jader-

91 3234 221 3272 tinum
257 3234 643 3283 archiepiscopum,
680 3231 847 3272 missale
883 3230 1074 3270 illiricum
1112 3228 1237 3268 multa
1273 3240 1370 3267 cura
1412 3226 1643 3275 reimprimi
1681 3237 1865 3263 curasse.
