2191 3434
571 124 1128 172 Glagolito-Romanae
1156 126 1245 160 XVI
1272 137 1301 161 s.
1803 127 1849 162 39

33 277 181 318 ulchro
213 288 263 316 ac
290 275 481 327 reliquiis
503 273 580 315 SS.
597 273 743 325 Cyrilli
767 282 807 314 et
828 274 1040 314 Methodii
1075 275 1116 313 in
1135 274 1312 313 basilica
1345 274 1544 313 Romana
1577 272 1620 314 S.
1649 272 1850 315 Clemen-

33 361 134 401 s;ac
166 348 224 388 de
244 348 442 387 frustrata
474 346 723 386 traslatione
745 348 942 397 corporis
965 344 1007 386 S.
1029 344 1177 397 Cyrilli
1205 346 1248 384 in
1271 346 1504 385 ecclesiam
1526 343 1568 385 S.
1591 345 1849 396 Hieronymi

48 432 289 461 avonorum
324 419 380 458 de
413 419 543 460 Urbe.

144 491 237 532 »De
269 492 331 540 iis,
377 491 451 543 qui
494 491 635 530 varios
686 490 945 531 idiomatum
994 489 1266 531 characteres
1299 490 1502 541 variaque
1524 488 1850 541 disciplinarum

57 564 158 592 nera
189 552 458 591 invenerunt.
491 573 549 578 —
580 549 751 590 Eadem
786 552 828 589 in
861 550 1047 590 ecclesia
1081 548 1124 589 S.
1158 547 1399 590 Clementis
1433 547 1619 600 Cyrillus
1652 556 1694 589 et
1741 547 1852 588 Met-

0 605 2 607 *
60 612 157 652 dius
189 609 419 651 Slavorum
454 610 653 662 episcopi
687 610 905 650 miraculis
940 609 1038 650 clari
1092 609 1252 660 sepulti
1297 615 1412 648 sunt:
1467 621 1654 661 quorum
1709 621 1851 648 sacras

39 671 220 724 eliquias
243 671 325 710 sub
358 670 477 710 altari
511 671 553 709 in
587 669 789 722 ejusdem
814 669 1028 710 ecclesiae
1050 668 1212 709 sacello
1241 674 1495 720 pervetusto
1529 675 1722 720 repertas
1746 668 1851 707 fuis-

90 736 279 778 constat;
329 742 445 769 nunc
496 742 599 769 vero
653 728 805 770 SiXtus
857 729 898 769 V
948 728 1152 769 Pontifex
1198 728 1419 768 Maximus
1465 727 1667 780 ejusdem
1703 727 1853 768 Sancti

36 791 146 842 yrilli
178 803 339 842 corpus
372 790 414 829 in
448 789 681 829 ecclesiam
704 788 852 830 Sancti
873 788 1134 839 Hieronymi
1156 788 1430 839 Illyricorum
1463 789 1519 828 ab
1553 787 1715 828 eodem
1737 788 1850 828 Pon-

43 849 126 890 fice
159 857 456 892 constructam
489 849 839 890 transferendum
875 849 1138 888 mandavit«.

140 931 199 965 Fr.
227 930 363 976 Angeli
390 931 529 971 Rocca,
557 931 769 974 Apostolici
796 930 954 964 Sacrarii
991 929 1186 967 Praefecti.
1223 929 1352 973 Opera
1389 929 1526 969 omnia,
1565 930 1711 963 Romae
1751 932 1853 969 1719,

68 979 110 1014 11.
136 979 307 1022 Tempus
336 979 478 1012 eruitur
505 989 553 1012 ex
579 978 680 1013 bulla
718 978 963 1012 fundationali
995 977 1158 1021 Capituli
1194 977 1231 1011 S.
1259 978 1480 1022 Hieronymi
1507 978 1739 1022 Illyricorum
1755 988 1854 1011 anno

47 1029 90 1062 89
118 1027 216 1068 data,
243 1031 282 1061 et
307 1036 407 1061 anno
434 1027 562 1060 obitus
590 1026 685 1060 Sixti
712 1027 770 1068 V.y
798 1027 860 1071 qui
890 1025 959 1060 fuit
986 1028 1089 1061 1590.

495 1230 585 1274 157.
618 1232 738 1273 1591,
778 1219 1019 1261 Contovelli
1051 1218 1350 1268 Justz'nolz'tan.

140 1317 369 1369 Inscriptio
403 1317 652 1370 glagolitica
684 1315 891 1357 Andreae
925 1317 1070 1357 clerici
1104 1317 1369 1357 Rubinensis
1403 1318 1444 1356 in
1479 1329 1605 1356 muro
1639 1316 1853 1357 ecclesiae

37 1420 46 1428 .
78 1387 129 1428 V.
161 1388 321 1429 Mariae
355 1389 395 1428 in
428 1387 709 1437 Moncolano‚
742 1389 873 1442 vulgo
908 1389 1023 1429 della
1057 1387 1212 1434 Salvia,
1246 1388 1479 1440 parochiae
1513 1387 1758 1429 Contovelli
1813 1389 1855 1428 in

37 1460 193 1500 ‘oecesi
222 1460 600 1515 Justinopolitana‚
637 1460 959 1501 characteribus
994 1460 1254 1513 glagoliticis
1289 1461 1592 1500 conscribitur.
1643 1461 1778 1510 Haec,
1811 1467 1857 1500 ut

47 1532 130 1572 iam
163 1532 271 1572 aliae
305 1532 473 1573 eisdem
508 1532 830 1573 characteribus
876 1534 1151 1584 conscriptae
1196 1533 1516 1584 inscriptiones,
1567 1545 1683 1573 nunc
1736 1533 1856 1572 calce

66 1605 224 1645 ductae
259 1611 369 1645 sunt.

145 1686 203 1721 Ex
228 1685 447 1732 apographo
475 1687 519 1721 A.
545 1685 662 1721 Kalac
689 1686 823 1721 decani
850 1686 1101 1731 Pinquentini.

555 1882 653 1934 158.
686 1892 808 1934 1592,
841 1893 904 1933 15.
938 1879 1064 1929 Maii,
1096 1879 1296 1921 Phariae.

145 1976 296 2017 Petrus
330 1975 570 2017 Cedulinus
602 1976 830 2017 Pharensis
883 1978 1120 2029 episcopus
1170 1978 1305 2028 patria
1352 1977 1610 2030 Jadertinus,
1661 1976 1858 2029 pontifici

44 2048 220 2089 lementi
243 2048 353 2088 VIII.
387 2048 443 2088 de
476 2048 588 2088 illius
621 2050 662 2088 in
685 2048 988 2100 pontificatum
1022 2050 1326 2100 assumptione
1359 2048 1606 2101 gratulatur,
1621 2048 1858 2101 eidemque

62 2121 226 2160 tionem
261 2118 490 2167 Slavicam‚
524 2120 648 2174 cujus
681 2121 1017 2172 amplitudinem
1052 2120 1348 2172 depraedicat,
1382 2120 1685 2161 commendat.

1236 2191 1415 2232 Phariae
1452 2191 1504 2232 15
1536 2192 1636 2232 Maii
1674 2191 1801 2234 1592.

150 2252 402 2292 Beatissime
436 2251 576 2292 Pater!
609 2275 668 2281 —-
699 2275 756 2280 —
788 2252 1071 2304 praecipuam
1105 2259 1251 2292 tamen
1296 2259 1428 2305 atque
1480 2254 1701 2305 propriam
1756 2264 1859 2306 gau-

41 2311 143 2359 endi
175 2324 351 2352 causam
385 2323 493 2365 gens
526 2325 625 2352 mea
657 2320 699 2352 et
731 2313 879 2365 lingua
922 2312 1054 2352 habet
1098 2312 1278 2363 Illyrica,
1329 2312 1451 2364 quod
1503 2311 1572 2353 Tu
1623 2314 1859 2364 praecipue

41 2371 210 2412 ontifex
242 2372 463 2411 maximus
495 2373 553 2412 sis
586 2372 842 2420 declaratus,
875 2373 948 2424 qui
982 2384 1121 2424 nuper
1153 2395 1210 2400 —
1242 2394 1299 2399 —
1332 2373 1652 2423 provinciarum
1687 2373 1860 2425 linguae

43 2430 202 2482 lyricae
233 2431 569 2482 amplitudinem
604 2439 646 2472 et
678 2431 970 2471 calamitatem
1013 2431 1142 2471 simul
1192 2432 1294 2471 satis
1346 2431 1546 2480 edoctus,
1596 2432 1687 2472 eius
1740 2433 1861 2472 resti-

2 2543 4 2549 Δ
58 2490 197 2531 endae
242 2497 284 2530 et
329 2491 626 2531 sublevandae
676 2490 742 2531 Te
795 2491 1166 2531 studiosissimum
1222 2491 1466 2531 ostendisti.
1517 2491 1646 2532 Unde
1699 2503 1857 2544 magna

64 2563 88 2590 e
132 2552 262 2590 erecti
313 2563 477 2599 sumus,
510 2551 874 2604 quandoquidem
908 2574 965 2578 ——
996 2573 1053 2579 —
1087 2551 1197 2590 hanc
1230 2551 1387 2602 lllyrici
1431 2552 1670 2590 maximam
1722 2551 1860 2590 Euro-

0 2608 2 2634 ἶ
68 2621 92 2649 e
124 2610 298 2664 plagam
332 2610 476 2650 Italiae
509 2611 797 2659 adiacentem,
829 2612 984 2662 partim
1007 2625 1031 2650 a
1063 2609 1206 2650 Turca
1240 2618 1517 2662 occupatam,
1549 2612 1703 2663 partim
1747 2624 1771 2649 a
1817 2609 1859 2650 S.

57 2670 156 2709 atris
189 2669 412 2710 Ecclesiae
464 2671 561 2710 sinu
607 2670 835 2719 divulsam,
866 2670 931 2710 Te
965 2669 1175 2722 pontifice
1208 2677 1366 2710 sartam
1401 2672 1460 2720 iri,
1494 2671 1629 2718 cuius,
1673 2669 1755 2718 Tu,
1800 2671 1859 2708 rei
1895 2687 1900 2691 ·

64 2729 306 2780 perioribus
338 2730 461 2769 annis
493 2729 674 2783 legatus,
707 2731 966 2782 compositis
999 2731 1108 2769 inter
1138 2729 1332 2770 Polonos
1355 2736 1397 2769 et
1417 2728 1619 2770 Austriae
1641 2731 1860 2781 principes

46 2787 214 2837 issidiis‚
246 2789 530 2830 fundamenta
551 2790 705 2840 iecisti3
739 2796 781 2829 et
808 2791 904 2841 ipso
939 2791 1059 2829 initio
1093 2788 1372 2841 pontificatus
1404 2789 1489 2829 Tui
1521 2791 1643 2843 signa
1689 2789 1861 2837 dedisti,

57 2848 230 2900 gatione
254 2848 420 2888 scilicet
440 2849 496 2888 ad
518 2849 702 2890 eosdem
724 2850 915 2902 populos
936 2857 1067 2901 atque
1089 2850 1308 2901 principes
1330 2850 1594 2903 cognatione
1615 2855 1746 2901 atque
1770 2848 1860 2888 foe-

46 2919 117 2947 ere
133 2908 380 2960 iungendos
395 2909 614 2960 expedisti
629 2915 760 2962 atque
772 2909 929 2960 Illyrici
945 2907 1128 2962 Collegii
1149 2910 1204 2949 ab
1219 2907 1348 2949 Aede
1368 2908 1611 2949 Lauretana
1632 2909 1674 2947 in
1695 2907 1859 2948 Urbem

51 2966 290 3007 anslatione
305 2967 543 3020 designata.
557 2967 715 3021 Neque
729 2969 782 3008 sit
798 2968 1103 3017 dubitandum,
1117 2967 1195 3016 Te,
1217 2970 1291 3021 qui
1313 2970 1481 3020 optimc
1501 2968 1705 3021 agnoscis
1727 2968 1858 3006 totius

69 3025 227 3074 clesiae
242 3032 399 3066 statum
416 3027 518 3067 inde
532 3028 740 3080 pendere,
754 3035 799 3068 ut
814 3029 869 3068 ab
885 3028 1054 3068 idoneis
1071 3029 1291 3080 episcopis
1308 3034 1350 3068 et
1365 3027 1655 3068 cardinalibus
1676 3026 1858 3066 admini-
