2243 3444
344 308 388 343 <26
948 304 1131 340 Fontes
1180 301 1437 350 Liturgiae

301 452 322 491 e
354 451 465 490 stato
512 447 618 488 fatto
660 446 687 487 il
733 444 926 486 Messale.
973 468 1097 474 ——
1148 444 1224 485 Del
1271 444 1444 485 Rituale
1485 445 1604 486 nulla
1647 458 1672 486 o
1714 457 1828 498 poco
1860 444 2023 486 hanno.
2054 444 2087 486 Il

301 518 468 560 Casista
510 529 598 557 non
641 516 787 556 hanno
821 514 945 563 altro,
990 514 1069 555 che
1101 514 1200 567 quel
1243 526 1356 566 poco
1402 513 1672 567 „Manipulus
1717 514 2022 565 Curatorum“,
2065 527 2088 555 e

300 587 441 641 quello
474 586 603 638 pieno
637 584 679 625 di
712 583 859 625 errori.
895 583 1045 634 „Quae
1087 583 1235 624 omnia
1265 585 1313 624 ut
1342 582 1552 635 perficere
1597 583 1735 636 possit
1766 596 1846 636 pro
1877 596 1957 624 sua
1986 595 2085 636 per-

299 669 407 697 sona
438 655 604 707 aliquas
636 652 941 695 facilitationes
972 652 1118 704 petit.“

300 793 417 826 XXIX
436 745 644 824 Agihivum
673 744 705 778 S.
734 743 872 789 Congr.
899 743 1010 788 Prop.
1043 742 1161 785 Fidei,
1188 742 1256 777 Ms.
1291 742 1365 778 volss
1398 742 1475 785 391,
1501 741 1526 777 f.
1559 742 1647 787 4443
1674 742 1909 784 Fermedffiin,
1937 743 2089 778 Starine

300 820 314 826 „
340 820 354 826 4
419 793 441 827 l.
467 817 485 825 s
535 804 559 826 s.

779 908 849 947 86.
882 907 1005 954 1631,
1039 907 1094 946 18
1126 904 1382 954 Novembris,
1407 905 1608 949 Albonae.

438 1001 638 1054 Synodus
671 999 935 1040 dioecesana
966 999 1161 1039 Polensis
1197 999 1254 1039 ab
1289 998 1494 1051 episcopo
1527 998 1639 1039 Julio
1673 999 1894 1040 Soraceno
1927 998 2091 1047 habita,

301 1071 452 1124 Capite
488 1071 549 1112 13.
583 1069 757 1110 statuit:

441 1141 518 1189 „Et
550 1139 733 1180 essendo
766 1151 854 1179 non
886 1137 1128 1178 solamente
1159 1137 1450 1189 ragionevole,
1483 1150 1555 1178 ma
1588 1150 1699 1178 anco
1731 1136 1976 1178 necessario
2011 1137 2090 1178 che

301 1210 399 1251 tutti
430 1210 455 1250 li
491 1207 738 1250 Confessori
780 1219 1064 1259 convengano
1112 1206 1224 1247 nella
1269 1209 1407 1248 stessa
1439 1206 1579 1248 forma
1626 1206 1670 1247 di
1702 1206 1852 1259 parole
1883 1206 1953 1247 nel
1985 1206 2092 1247 dare

301 1279 325 1319 l’
345 1278 623 1327 assolutione,
656 1277 684 1318 il
717 1277 796 1317 che
827 1276 861 1316 si
894 1277 916 1316 e
949 1275 1268 1347 osservatoxfin'
1292 1275 1402 1317 hora
1434 1275 1706 1328 egualmente
1738 1275 1795 1316 da
1826 1275 1957 1328 quelli
1979 1275 2094 1317 della

300 1348 446 1400 lingua
476 1347 608 1387 latina
640 1349 680 1387 et
712 1345 821 1397 dagl'
847 1344 997 1394 illirici,
1044 1344 1281 1385 habbiamo
1314 1358 1392 1397 per
1423 1345 1618 1397 maggior
1655 1344 1875 1386 sicurezza
1905 1345 2091 1386 risoluto

303 1417 345 1457 di
368 1416 594 1468 registrare
626 1417 699 1468 qui
731 1417 861 1463 sotto,
904 1414 1128 1454 conforme
1169 1414 1208 1455 al
1255 1413 1428 1454 Rituale
1474 1414 1691 1463 Romano,
1724 1415 1835 1454 tutte
1867 1413 1906 1454 le
1938 1414 2093 1467 parole

302 1485 484 1534 formali,
515 1485 553 1525 le
585 1484 701 1537 quali
733 1483 958 1524 dovranno
992 1482 1094 1523 dirsi
1128 1482 1228 1523 dalli
1260 1482 1414 1531 Latini,
1439 1495 1520 1524 con
1553 1482 1729 1534 obbligo
1759 1495 1784 1523 a
1816 1482 1948 1535 quelli
1979 1482 2092 1524 della

301 1554 446 1606 lingua
491 1553 641 1594 illirica
688 1552 730 1593 di
778 1552 959 1593 recitare
1006 1551 1046 1592 le
1091 1551 1330 1592 medesime
1375 1552 1445 1592 nel
1488 1564 1567 1592 suo
1615 1551 1779 1592 idioma
1819 1551 2011 1592 secondo
2052 1551 2095 1592 la

302 1623 453 1671 forma,
487 1623 565 1664 che
597 1622 773 1663 daremo
805 1621 899 1662 loro
932 1621 976 1661 in
1009 1621 1187 1661 iscritto.

334 1761 340 1766 .
414 1713 589 1793 fimf}
607 1713 811 1792 dffigesano
837 1712 874 1745 di
900 1712 995 1746 Pola
1019 1712 1103 1746 dell*
1119 1724 1218 1746 anno
1245 1712 1344 1755 1631,
1369 1712 1539 1747 Venezia
1574 1711 1678 1756 16323
1705 1711 1884 1754 Pesante,
1909 1712 1962 1746 La
1986 1711 2094 1746 litur-

304 1772 368 1806 gia
394 1772 410 1794 s
429 1771 500 1795 ava
577 1769 600 1801 ι,
696 1788 701 1793 .

829 1877 900 1916 87.
933 1877 1056 1924 1631,
1088 1877 1149 1916 29
1180 1874 1364 1928 Aprilis,
1394 1873 1562 1915 Romae.

306 1968 506 2010 Urbanus
538 1981 653 2021 papa
683 1967 775 2009 VIII
808 1968 1025 2021 approbat
1046 1968 1401 2009 reformationem
1423 1967 1610 2022 typicam
1636 1966 1820 2008 Missalis
1853 1966 2092 2019 Glagolito-

306 2037 493 2078 Romani
525 2050 550 2078 a
571 2038 621 2078 R.
654 2036 895 2078 Levakovic
926 2040 1148 2090 peractam
1181 2040 1223 2078 et
1255 2051 1279 2079 a
1312 2037 1355 2078 S.
1390 2036 1738 2089 Congregatione
1769 2036 2091 2089 Propagandae

308 2107 427 2147 Fidei
461 2106 635 2155 editam,
669 2107 725 2147 ad
757 2119 882 2147 usum
915 2107 1206 2148 Ecclesiarum
1240 2106 1470 2148 Slavorum
1501 2105 1867 2148 Meridionalium.

444 2186 634 2228 Ecclesia
666 2187 890 2233 catholica,
922 2188 989 2228 cui
1022 2188 1168 2229 divina
1199 2188 1369 2228 favente
1416 2186 1657 2236 clementia,
1688 2186 1807 2228 nullo
1838 2186 2095 2228 meritorum

308 2246 555 2285 nostrorum
588 2244 809 2296 suffragim
848 2246 1161 2297 praesidemus,
1205 2245 1330 2285 sicuti
1372 2257 1459 2285 una
1492 2247 1567 2294 est,
1614 2244 1674 2285 ita
1705 2244 1886 2298 requirit
1917 2246 2092 2286 nostrae

308 2302 538 2354 pastoralis
577 2302 823 2353 vigilantiae
866 2303 1125 2352 sollicitudo,
1173 2306 1219 2343 ut
1251 2301 1562 2343 Christifideles
1608 2302 1797 2354 idipsum
1829 2314 1919 2342 non
1950 2301 2093 2343 solum

310 2359 480 2411 sapiant
511 2359 586 2399 sed
618 2359 745 2400 etiam
781 2363 991 2412 quantum
1036 2360 1243 2413 possibile
1275 2362 1352 2409 est,
1399 2372 1550 2400 omnes
1582 2359 1711 2401 etiam
1743 2359 1972 2400 unanimes
2003 2371 2092 2399 uno

310 2429 397 2464 ore,
429 2416 472 2456 in
505 2416 773 2457 orationibus
806 2420 847 2458 et
877 2417 1096 2459 sacrificiis
1123 2417 1413 2458 honorificent
1433 2417 1586 2458 Deum.
1621 2417 1766 2467 Quum
1798 2417 1959 2470 itaque,
1982 2416 2094 2457 sicut

310 2474 567 2526 accepimus,
609 2474 780 2514 Missale
826 2474 1032 2516 idiomate
1080 2475 1311 2517 Slavonico
1359 2474 1461 2515 olim
1504 2488 1530 2515 a
1572 2475 1638 2515 fel.
1670 2487 1753 2515 rec.
1787 2474 1955 2516 Joanne
1985 2472 2092 2515 VIII.

308 2531 641 2583 praedecessore
673 2534 822 2572 nostro
856 2544 1123 2582 concessum,
1158 2546 1183 2574 a
1215 2534 1389 2573 centum
1433 2532 1601 2573 circiter
1632 2532 1755 2574 annis
1787 2532 1898 2585 typis
1930 2531 2096 2573 editum

310 2601 399 2628 non
433 2588 572 2636 fuerit,
605 2591 735 2640 atque
768 2589 867 2629 inde
900 2590 1115 2639 acciderit,
1146 2593 1191 2630 ut
1239 2590 1477 2630 Slavonum
1511 2589 1729 2630 Ecclesiae
1761 2588 1998 2630 Missalium
2030 2588 2096 2629 in-

312 2645 412 2697 opia
444 2645 554 2686 adeo
597 2645 902 2694 laboraverint,
951 2650 997 2687 ut
1038 2648 1256 2700 plerisque
1301 2648 1345 2687 in
1380 2647 1499 2697 locis,
1530 2660 1611 2688 nec
1655 2647 1915 2688 Sacerdotes
1945 2659 2095 2688 sacro-

312 2705 487 2743 sanctae
519 2703 671 2743 Missae
703 2704 959 2744 sacrificium
1008 2703 1174 2753 offerre,
1205 2717 1285 2745 nec
1328 2704 1480 2757 populi
1523 2705 1742 2745 Ecclesiae
1772 2706 2008 2757 praecepto
2041 2703 2096 2744 de

312 2759 382 2799 illo
430 2759 646 2800 audiendo
695 2761 941 2801 satisfacere
987 2763 1170 2802 comode
1216 2762 1464 2814 potuerint:
1508 2775 1588 2803 nos
1635 2761 1875 2802 Missalium
1922 2760 2097 2814 inopiae

313 2816 561 2870 hujusmodi
596 2817 649 2857 ad
693 2818 824 2857 divini
867 2819 1053 2859 nominis
1085 2819 1259 2860 laudem
1292 2822 1334 2860 et
1368 2819 1560 2871 gloriam,
1608 2819 1941 2872 animarumque
1973 2818 2097 2860 Chri-

314 2874 559 2914 stitidelium
594 2874 760 2915 illarum
802 2876 987 2927 partium
1034 2877 1216 2917 salutem
1260 2889 1488 2917 occurrere
1535 2876 1743 2926 volentes,
1775 2875 2097 2917 venerabilibus

314 2931 535 2971 Fratribus
568 2932 725 2971 nostris
759 2932 944 2973 Sanctae
968 2934 1192 2974 Romanae
1215 2934 1434 2975 Ecclesiae
1459 2932 1761 2974 Cardinalibus
1793 2933 1970 2986 negotio
1994 2932 2096 2974 fidei

313 2987 356 3027 in
389 2988 636 3028 universum
680 2988 838 3029 Orbem
880 2991 1191 3042 propagandae
1233 2991 1507 3044 praepositis,
1554 2991 1833 3045 injunximus,
1865 2992 1913 3032 ut
1942 3003 2097 3043 quam-

315 3045 440 3096 plura
471 3045 669 3094 Missalia,
718 3045 945 3087 Slavonieo
991 3048 1236 3100 conscripta
1277 3049 1500 3097 idiomate,
1542 3061 1568 3088 a
1599 3048 1826 3089 Provincia
1858 3047 2098 3088 Dalmatiae

314 3102 486 3142 Roman
522 3102 645 3155 jussu
688 3105 835 3143 nostro
883 3104 1037 3153 afferri,
1079 3105 1217 3157 iisque
1248 3118 1326 3157 per
1356 3105 1590 3146 nonnullos
1638 3106 1809 3157 linguae
1841 3104 2098 3146 Slavonicae

315 3159 490 3211 peritos,
517 3160 641 3213 juxta
673 3161 999 3202 emendationes
1031 3175 1056 3203 a
1087 3162 1154 3202 fel.
1187 3163 1316 3204 etiam
1348 3175 1431 3204 rec.
1480 3163 1559 3204 Pio
1595 3161 1642 3203 V.
1676 3166 1717 3203 et
1749 3162 1972 3203 Clemente
2004 3159 2100 3202 VIII

2214 1809 2223 1825 r
2206 1709 2229 1772 ’⁸²²2‘
2209 1470 2240 1699 θὲ-εζ-ῆπςεψ
