2191 3434
588 135 1133 182 Glagolito-Romanae
1159 138 1247 173 XIII
1273 149 1301 172 s.
1855 144 1873 175 7

34 282 294 317 Salonitanum
322 281 555 325 Episcopum
583 280 806 324 intelligunt,
833 279 902 314 sub
943 290 1019 324 quo
1055 279 1193 314 Salona
1233 280 1401 315 funditus
1442 283 1569 316 excisa
1597 288 1654 318 est
1682 293 1779 317 anno
1809 286 1875 317 640

34 331 113 365 sive
138 340 214 364 uno
241 340 289 362 ex
314 329 465 363 duobus
491 328 816 362 antecedentibus.

177 375 334 410 »Annus
360 376 458 410 enim
485 375 593 408 urbis
619 378 746 419 captae
773 376 842 417 (uti
868 375 997 408 scribit
1024 375 1195 409 Farlatus
1222 375 1352 421 Illyric.
1382 376 1482 411 Sacr.
1510 377 1618 412 Tom.
1646 378 1672 411 I.
1700 388 1782 423 pag.
1807 381 1874 412 339

35 425 93 458 ‘in
118 424 324 458 Theodoro
351 424 543 467 Episcopo
582 423 631 456 lit.
660 422 750 467 pp.),
794 422 862 456 fuit
888 422 946 456 vel
973 423 1295 468 quadragesimus,
1323 424 1381 458 vel
1408 426 1590 468 superior,
1617 425 1682 459 rel.
1719 431 1876 459 octavus

35 476 96 506 ›et
119 472 334 516 trigesimus
371 471 523 515 septimi
548 470 660 516 hujus
698 470 850 509 saeculi,
877 470 914 504 id
941 470 1047 514 quod
1073 481 1143 504 suo
1169 470 1256 505 loco
1296 472 1599 517 investigandum
1639 473 1731 507 erit«
1760 473 1871 513 idest,

33 529 152 553 annus
187 518 270 554 Chr.
299 521 366 552 638
405 518 463 552 vel
490 519 558 552 639
585 518 645 552 vel
684 519 752 552 640
791 517 861 551 sub
888 517 1065 551 Heraclio
1101 518 1350 561 Imperatore:
1379 529 1455 563 quo
1482 520 1632 554 circiter
1658 531 1757 554 anno
1784 530 1875 554 con-

32 567 213 610 scriptum
241 565 372 600 volunt
397 564 630 599 Psalterium
657 565 746 599 illud
783 563 968 598 Slavicum
992 565 1100 610 jussu
1128 571 1165 599 et
1192 566 1372 610 impensis
1408 565 1439 599 Τ
1436 566 1587 601 lteodom'
1610 573 1699 602 tunc
1726 572 1876 611 tempo-

33 615 81 647 ris
108 613 316 648 Salonitani
344 614 374 647 E
404 613 541 656 iscopi:
569 623 611 646 ac
639 612 800 657 proinde
828 613 995 646 ducentis
1021 616 1170 647 circiter
1192 616 1308 647 annis
1333 619 1422 657 post
1449 615 1594 648 obitum
1622 616 1659 650 S.
1687 616 1875 660 Hierony-

31 662 93 703 mi,
119 671 234 706 quem
260 671 360 695 anno
376 624 523 695 PChristi
564 664 632 694 420
660 660 872 695 decessisse
918 664 1068 694 constat
1094 661 1209 705 idque
1253 661 1466 696 confirmari
1511 663 1615 708 ajunt
1654 663 1699 696 iis
1726 661 1872 696 Nicolaz

32 708 213 742 Arbensz‘s
238 708 373 749 verbis,
400 711 576 752 impensis
603 711 639 741 et
673 709 846 741 mandato
899 707 931 740 T
927 707 1079 742 heodem·
1120 710 1246 742 ultimi
1266 752 1269 754 Ι
1290 707 1509 743 Salonitanz'
1533 709 1753 754 Pontifi’cis:
1781 711 1874 745 Nam

31 761 119 800 post
142 756 242 790 hunc
267 755 525 796 Theodorum,
553 756 624 789 sub
645 766 722 800 quo
749 755 887 790 Salona
914 755 983 789 fuit
1009 756 1148 797 excisa,
1169 756 1302 801 reliqui
1329 756 1543 798 Pontifices,
1565 768 1640 792 non
1667 757 1873 792 Salonitani

29 804 98 837 sed
128 801 373 848 §palatenses
404 804 478 838 dici
505 808 731 847 coeperunt;
778 813 826 836 ex
852 813 930 847 quo
957 803 1102 837 scilicet
1143 804 1202 848 Jo:
1231 804 1425 838 Theodori
1451 815 1628 839 sucessor
1676 803 1872 849 Spalatum

30 851 169 886 Sedem
197 851 396 891 transtulit,
424 851 477 885 uti
504 851 641 897 legitur
667 850 769 894 apud
794 851 824 884 F
828 850 986 884 arlatum
1014 851 1120 885 Tom.
1151 853 1175 886 I.
1203 851 1337 897 Illyrici
1364 852 1466 886 Sacri
1494 863 1578 898 pag.
1606 856 1674 887 333
1701 854 1738 887 in
1766 853 1873 887 Cata-

29 898 119 943 logo
145 898 319 932 Romano
345 898 401 932 his
428 899 568 933 verbis:
601 897 769 936 Joannes
814 897 987 932 Ansz'sles
1011 897 1129 943 Iussus
1154 902 1314 932 nominis
1354 900 1412 934 VI.
1444 897 1704 934 Salonitanam
1747 899 1872 934 Sedem

33 943 228 990 Spalatum
262 946 488 980 translatam
509 949 658 990 primus
683 946 847 980 obttnuz't
869 946 915 980 ab
943 956 1040 979 anno
1066 947 1141 979 6J0
1168 957 1282 991 usque
1308 947 1359 980 ad
1383 958 1523 981 annum
1549 949 1636 982 680.

172 994 326 1034 Verum,
354 997 396 1027 ut
432 993 519 1028 huic
545 994 747 1028 doctorum
787 993 951 1028 virorum
978 994 1149 1037 opinioni
1187 994 1404 1038 adstipulari
1431 1006 1631 1040 nequeam,
1670 996 1787 1040 plura,
1815 1006 1874 1029 ea-

29 1052 115 1086 que,
142 1046 183 1075 ut
211 1046 317 1085 puto,
356 1042 574 1087 gravissima
619 1045 814 1076 momenta
840 1052 901 1075 me
946 1041 1132 1085 impellus.
1159 1042 1324 1076 Primum
1370 1043 1537 1087 quidem,
1565 1044 1731 1078 admisso
1759 1044 1871 1077 etiam

29 1088 170 1124 Nicolai
197 1087 248 1134 (a)
275 1089 455 1124 Arbensis
500 1088 637 1123 librarii
662 1089 868 1129 testim0i0,
896 1088 994 1123 adeo
1021 1089 1168 1124 confusi
1204 1095 1292 1124 sunt
1319 1090 1612 1125 Salonitatorum
1651 1102 1719 1126 seu
1745 1091 1874 1135 Spala-

28 1137 191 1171 tensium
217 1136 451 1171 Antistitium
479 1136 659 1182 Catalogi,
698 1141 738 1170 ut
764 1141 868 1171 certa
894 1136 1033 1171 exinde
1060 1137 1208 1181 epocha
1233 1137 1356 1182 colligi
1397 1149 1473 1172 non
1500 1141 1631 1182 possit,
1659 1140 1727 1173 nisi
1755 1139 1803 1173 de
1831 1139 1874 1172 iis

28 1184 241 1228 Episcopis,
268 1194 430 1229 quoium
456 1184 497 1219 fit
523 1185 665 1219 mentio
711 1185 747 1218 in
774 1184 938 1229 Synodis
977 1189 1041 1218 aut
1067 1185 1103 1218 in
1132 1185 1303 1228 epistolis
1348 1186 1607 1221 Romanorum
1634 1186 1870 1228 Pontificum,

28 1232 155 1277 deque
179 1232 234 1273 iis,
262 1232 325 1276 qui
351 1236 441 1276 post
467 1242 637 1266 eversam
664 1232 734 1265 sub
762 1231 939 1266 Heraclio
989 1231 1166 1266 Salonam
1202 1233 1342 1267 vixere.
1371 1234 1542 1269 Farlatus
1567 1235 1649 1278 ipse
1674 1238 1779 1269 tanta
1805 1234 1874 1269 Ca-

27 1279 240 1325 talogorum
286 1279 444 1325 caligine
471 1280 640 1319 obrutus.
685 1279 932 1314 Theodorum
960 1279 996 1313 in
1034 1280 1132 1314 serie
1172 1281 1280 1324 primi
1320 1281 1487 1327 Catalogi
1519 1280 1792 1326 sexagesimum
1817 1292 1872 1315 se-

27 1328 195 1367 cundum,
223 1328 303 1371 (qui
330 1332 434 1361 certe
460 1327 614 1361 ultimus
640 1327 881 1362 Salonitanus
908 1327 992 1369 fuit;
1020 1338 1107 1362 nam
1128 1338 1211 1372 pag.
1239 1331 1306 1362 320
1333 1331 1507 1372 proxime
1534 1329 1726 1364 antecedit
1757 1327 1872 1367 Joan-

30 1385 109 1408 nem
134 1377 400 1419 sexagesimum
428 1377 576 1409 tertium
603 1375 651 1408 de
677 1385 755 1420 quo
781 1375 834 1409 sic
860 1375 1051 1409 scribitur:
1084 1373 1252 1414 Joannes
1271 1379 1419 1420 primus
1446 1376 1749 1421 Archiepzxcopus
1779 1375 1871 1420 Spa-

27 1423 186 1456 latensis
208 1425 337 1466 patria
363 1420 595 1466 Ravennasg)
626 1422 885 1462 Theodorum,
913 1424 1076 1468 inquam.
1109 1423 1212 1457 illum
1240 1423 1286 1457 ab
1312 1435 1411 1459 anno
1438 1425 1586 1459 circiter
1612 1427 1691 1459 640.
1718 1435 1794 1469 quo
1821 1426 1873 1459 vi·

27 1469 151 1512 vebat,
177 1469 225 1504 ad
251 1480 390 1504 annum
427 1473 495 1504 800
540 1475 579 1504 et
605 1471 709 1515 quod
737 1471 912 1511 excurrit,
957 1481 1041 1516 pag.
1070 1474 1138 1505 323
1165 1471 1218 1505 lit.
1249 1481 1302 1505 cc.
1348 1472 1517 1507 detrudit
1544 1473 1579 1506 in
1624 1473 1717 1506 haec
1744 1473 1870 1506 verba.

29 1517 144 1552 »Cum
171 1518 244 1551 hoc
271 1517 477 1553 Theodoro
517 1518 686 1564 Catalogi
726 1528 924 1562 perperam
947 1519 1184 1564 conjungunt
1211 1519 1313 1552 urbis
1341 1521 1595 1560 eversionem;
1622 1531 1739 1564 quum
1766 1521 1796 1553 is
1824 1531 1871 1554 ex

29 1564 234 1611 ›Catalogo
261 1565 446 1606 Romano,
474 1566 580 1600 annis
607 1566 767 1610 amplius
793 1565 968 1600 ducentis
995 1570 1084 1610 post
1105 1566 1281 1600 Salonam
1310 1578 1492 1609 eversam,
1519 1567 1714 1602 Ecclesiae
1742 1568 1870 1611 Spala-

30 1613 149 1646 »tensi
175 1612 414 1656 praefuerit«.
442 1613 529 1659 Quo
555 1614 647 1658 quid
672 1613 871 1648 absurdius
898 1613 971 1648 dici
999 1615 1136 1659 queat?
1168 1614 1241 1659 Qui
1269 1615 1368 1648 enim
1390 1615 1574 1660 Joannem
1611 1616 1870 1650 Ravennatem

26 1661 241 1701 antecessit,
268 1660 434 1695 eundem
479 1661 601 1704 ipsum
630 1672 714 1695 esse
741 1661 1000 1703 Theodorum,
1045 1662 1115 1695 sub
1143 1672 1219 1706 quo
1265 1662 1426 1697 Salonae
1465 1663 1655 1697 excidium
1701 1664 1870 1709 contigit,

26 1712 132 1742 certo
182 1708 321 1742 certius
372 1712 441 1743 est.
484 1709 643 1749 Deinde,
695 1713 776 1743 tum
827 1719 875 1743 ex
924 1709 994 1744 hac
1045 1709 1182 1744 Farlati
1233 1710 1280 1744 de
1324 1710 1543 1752 Theodoro,
1588 1711 1652 1756 qui
1696 1711 1871 1745 ducentis

25 1759 114 1799 post
158 1765 327 1789 eversam
378 1755 555 1790 Salonam
606 1757 711 1791 annis
762 1756 974 1800 Spalatensi
1019 1757 1213 1791 Ecclesiae
1264 1758 1439 1801 praefuit,
1485 1758 1744 1798 confessione;
1788 1763 1869 1792 tum

26 1813 75 1836 ex
129 1802 312 1849 Catalogo
380 1808 517 1848 quarto
591 1805 776 1845 Romano,
835 1805 869 1838 in
926 1814 1004 1849 quo
1048 1815 1132 1850 pag.
1179 1808 1246 1839 334
1312 1805 1522 1840 Theodorus
1578 1807 1675 1840 inter
1731 1816 1869 1840 annum

25 1852 116 1886 880..
175 1854 213 1885 et
270 1853 338 1885 890
395 1851 561 1895 ponitur.
622 1862 784 1895 pronum
847 1856 904 1885 est
963 1852 1185 1898 intelligere,
1246 1863 1267 1886 a
1329 1853 1484 1888 Nicolao
1547 1854 1707 1888 Arbensi
1766 1854 1866 1888 hunc

26 1899 153 1942 potius
185 1897 409 1936 Theodorum
435 1899 575 1933 saeculi
601 1900 691 1934 noni
729 1900 942 1943 praesulem
982 1899 1241 1934 Salonitanum
1281 1902 1360 1934 sive
1399 1901 1661 1944 Spalatensem
1702 1901 1869 1946 intelligi,

25 1956 138 1990 quam
165 1945 268 1980 illum
289 1946 443 1991 Joannis
468 1947 726 1989 decessorem,
752 1947 822 1981 sub
849 1958 926 1992 quo
954 1947 1093 1982 Salona
1125 1949 1315 1982 excidium
1354 1949 1480 1983 subiit.
1527 1949 1685 1983 Ultimus
1724 1950 1867 1994 quippe

34 1992 241 2027 Theodorus
265 1993 325 2027 hic
353 1999 421 2035 est,
449 2005 535 2028 nam
562 1995 638 2029 ille:
667 2006 741 2029 non
770 1999 857 2038 post
892 1994 1114 2029 Theodorum
1141 1996 1177 2029 in
1213 1997 1311 2030 serie
1337 1997 1723 2041 Archiepiscoporum
1761 1997 1869 2031 XXII

25 2041 74 2074 de
100 2041 240 2085 quoin
275 2041 459 2087 Catalogo
494 2042 668 2077 Romano
707 2053 791 2088 pag.
830 2046 908 2076 334.
950 2042 1190 2077 »Theodorus
1231 2045 1273 2078 V.
1313 2049 1351 2078 et
1389 2045 1470 2078 Leo
1497 2045 1556 2080 III.
1582 2045 1869 2089 Archiepiscopi

28 2088 292 2132 ›Spalatenses
319 2089 428 2124 XXII
456 2095 494 2124 et
520 2089 646 2125 XXIII
675 2090 919 2134 praefuerunt
952 2091 1050 2124 inter
1084 2102 1203 2126 annos
1242 2095 1310 2126 880
1350 2097 1388 2126 et
1426 2095 1505 2127 890.
1552 2093 1772 2127 sedentibus
1806 2092 1868 2137 Jo:

28 2136 144 2170 »vm
173 2137 332 2171 Martino
358 2137 389 2170 II
410 2148 478 2171 seu
504 2138 659 2179 Marino,
686 2138 854 2172 Adriano
869 2138 929 2172 III.
944 2137 1187 2183 StephanoV
1209 2140 1436 2174 Formoso«:
1463 2140 1554 2175 Post
1573 2141 1684 2181 hunc,
1705 2141 1868 2184 inquam.

34 2182 255 2217 Theodorum
290 2183 400 2219 XXII
439 2196 561 2230 usque
599 2185 646 2220 ad
692 2184 905 2220 Guncellum
940 2185 1121 2225 XLV111.,
1156 2187 1226 2220 sub
1265 2198 1343 2231 quo
1382 2187 1559 2222 Nicolaus
1599 2188 1779 2223 Arbensis
1817 2189 1869 2222 vi-

25 2231 147 2272 vebat,
173 2241 362 2276 suumque
388 2232 610 2267 Psalterium
637 2243 736 2267 anno
758 2234 842 2269 Chr.
870 2236 962 2268 1222
989 2234 1188 2273 scribebat,
1215 2235 1340 2268 nullus
1362 2235 1454 2269 alius
1474 2236 1662 2279 reperitur
1690 2234 1870 2269 Theodori

25 2279 178 2313 nomine
204 2279 415 2323 appellatus
441 2281 774 2325 Archiepiscopus.
800 2282 944 2326 ltaque,
972 2282 1002 2315 si
1029 2292 1117 2316 vera
1143 2288 1201 2316 est
1228 2283 1286 2316 illa
1313 2283 1454 2317 Nicolai
1492 2283 1626 2317 librarii
1662 2283 1867 2323 adnotatio,

26 2336 102 2360 non
128 2326 175 2360 ad
201 2327 459 2368 Theodorum,
485 2329 549 2373 qui
576 2339 675 2363 anno
703 2332 770 2363 640
796 2328 1023 2364 Salonitanis
1049 2335 1233 2373 praeerat,
1261 2330 1330 2364 sed
1357 2331 1403 2364 ad
1431 2331 1598 2364 ultimum
1644 2330 1676 2363 T
1673 2330 1866 2364 lteodorum

17 2373 225 2421 ‘referenda
250 2378 307 2409 est
322 2376 386 2419 qui
412 2375 637 2421 subjoanne
662 2376 746 2410 VIII
774 2377 948 2411 Romano
975 2377 1156 2411 Pontifice
1183 2377 1437 2412 Salonitanam
1463 2378 1671 2413 Ecclesiam
1692 2379 1865 2424 regebat:

25 2425 105 2455 tum
131 2432 282 2466 nempe,
310 2433 426 2467 quum
454 2433 474 2456 a
500 2423 565 2458 SS.
594 2423 731 2470 Cyrillo
758 2428 796 2458 et
822 2424 1018 2459 Methodio
1045 2425 1082 2458 in
1109 2425 1297 2459 Slavicum
1325 2425 1550 2460 Sermonem
1578 2427 1653 2467 iam
1680 2436 1866 2460 conversa

27 2467 174 2504 fuerant
199 2479 360 2504 unacum
387 2471 502 2504 sacris
522 2472 717 2515 scripturis
744 2471 869 2506 divina
895 2471 1029 2513 officia,
1058 2483 1268 2517 eorumque
1294 2484 1384 2507 usus
1423 2473 1469 2507 ab
1509 2474 1646 2508 eodem
1682 2474 1742 2519 Jo:
1782 2474 1866 2508 VIII

26 2514 146 2550 Slavis
171 2518 393 2560 permissus:
421 2527 464 2552 ac
490 2523 695 2562 propterea
721 2520 964 2563 perspicuum
991 2520 1172 2560 redditur,
1199 2531 1264 2555 cur
1291 2521 1510 2555 Psalterium
1533 2521 1721 2556 Slavicum
1758 2522 1865 2565 jussu

26 2567 66 2597 et
107 2563 287 2608 impensis
329 2565 412 2599 huis
455 2566 647 2600 Theodori
691 2566 897 2601 Salonitani
926 2567 1105 2611 Episcopi
1145 2569 1403 2612 conscriptum
1449 2568 1576 2607 fuerit:
1603 2575 1643 2603 ut
1688 2569 1864 2602 nimirum

27 2610 61 2643 in
106 2621 215 2645 usum
259 2612 415 2647 cederet
459 2613 656 2648 Slavorum
701 2615 738 2648 in
782 2615 948 2649 dioecesi
994 2615 1211 2650 Salonitana
1255 2616 1485 2661 degentium.
1533 2616 1711 2651 Ceterum
1740 2627 1865 2660 neque

27 2661 113 2692 ante
171 2658 236 2694 SS.
281 2660 405 2705 Cyrilli
461 2671 504 2695 ac
562 2662 745 2696 Methodii
789 2666 914 2696 aetate
965 2662 1098 2697 Sacras
1142 2663 1268 2697 literas
1325 2664 1360 2697 in
1412 2663 1599 2698 Slavicum
1650 2674 1866 2698 sermonem

27 2703 141 2739 fuisse
183 2707 391 2749 translatas,
435 2718 561 2753 neque
606 2714 693 2743 ante
732 2709 886 2754 Joannis
931 2710 1015 2744 VIII
1058 2710 1182 2754 Papae
1226 2716 1399 2754 tempora
1443 2722 1552 2746 usum
1598 2712 1766 2746 Slavicae
1802 2712 1866 2745 lin-

26 2762 122 2797 guae
165 2753 201 2787 in
245 2754 378 2789 divinis
423 2755 660 2791 celebrandis
704 2767 941 2798 concessum,
985 2768 1045 2792 res
1080 2758 1159 2802 jam
1198 2763 1256 2792 est
1294 2759 1395 2802 apud
1430 2760 1530 2793 viros
1568 2764 1769 2794 emunetae
1804 2770 1867 2793 na-

167 2836 202 2881 a)
223 2837 349 2883 Quum
375 2838 514 2881 nullibi,
541 2840 645 2884 quod
671 2840 798 2881 sciam,
826 2846 931 2875 extat
962 2842 1263 2887 authographum
1291 2842 1390 2883 illud,
1418 2843 1523 2887 quod
1551 2843 1724 2877 Nicolaus
1751 2843 1867 2886 scrip-

25 2887 105 2918 tum
131 2884 201 2918 sub
226 2885 430 2920 Theodoro
456 2886 676 2922 Salonitano
716 2889 908 2932 Episcopo
935 2888 1105 2928 affirmat,
1132 2890 1293 2923 dubitari
1339 2891 1469 2933 possit,
1514 2901 1559 2924 an
1586 2891 1634 2925 de
1661 2902 1729 2925 suo
1758 2891 1866 2924 Nico-

25 2930 106 2965 laus
131 2931 316 2966 addiderit
342 2943 475 2969 vocem
503 2934 599 2969 illam
627 2937 751 2968 ullt‘mi
778 2935 996 2970 Salonilanz'
1020 2936 1206 2981 Episcopi.
1234 2938 1333 2982 Quid
1360 2939 1482 2972 enim?
1504 2939 1534 2972 si
1560 2939 1738 2975 dicamus.
1769 2938 1865 2971 Psal-

24 2979 160 3012 terium
188 2978 277 3013 illud
304 2981 338 3013 in
387 2982 644 3017 Adnotatione
671 2983 817 3024 librarii,
844 2983 1017 3018 affirmari
1058 2984 1263 3021 dumtaxat,
1290 2989 1466 3029 scriplum
1506 2989 1681 3029 impensis*
1707 2990 1741 3018 et
1765 2997 1864 3019 man-

25 3026 111 3059 dato
147 3025 322 3061 Theodori
349 3027 532 3075 Episcopi,
560 3035 686 3065 cetera
712 3031 916 3066 divinando
943 3031 1092 3078 adjecta
1120 3032 1259 3065 fuisse?
