2243 3444
387 272 409 306 4
998 270 1177 305 Fontes
1218 269 1480 315 Liturgiae

481 410 701 462 „Narrano
735 410 947 452 Giovanni
971 409 1208 458 Dubrauio‚
1233 411 1274 448 et
1295 408 1415 449 Enea
1440 408 1588 458 Silvio,
1624 408 1704 450 che
1737 408 1794 461 gli
1825 408 1957 459 Slav‘i,
1988 408 2138 462 iquali

342 468 398 510 da
430 466 573 510 Cirillo
621 468 776 509 furono
824 467 1049 508 convertiti
1096 466 1207 507 nella
1248 465 1343 506 fede
1390 466 1433 506 di
1481 464 1673 514 Christo,
1716 469 1758 507 et
1799 468 1826 507 a
1856 466 1869 506 i
1899 466 2019 520 quali
2053 466 2136 519 egli

340 526 508 568 haveva
538 525 731 566 tradotto
763 525 876 566 nella
906 525 1052 576 lingua
1090 524 1184 564 loro
1229 522 1358 564 Slava
1388 522 1416 563 il
1459 523 1655 571 vecchio,
1688 526 1730 564 et
1761 523 1789 564 il
1820 536 1967 565 nuovo
1999 526 2135 566 testa-

340 586 504 631 mento,
535 583 710 624 vollono
744 583 822 623 che
853 582 894 623 la
923 595 1080 630 messa,
1114 594 1135 622 e
1167 581 1178 620 i
1211 580 1344 620 divini
1377 580 1506 634 uffitij
1538 580 1705 622 fossero
1737 580 1845 622 detti
1874 594 1898 622 e
1929 580 2136 623 celebrati

339 641 452 682 nella
482 641 547 682 lor
577 640 755 693 propria
784 640 944 692 lingua.
975 662 1083 668 ———
1108 638 1189 679 All'
1208 638 1315 679 hora
1338 637 1383 678 fu
1413 638 1705 680 subitamente
1727 651 1936 680 concesso
1961 640 2128 692 quanto

342 711 414 739 era
445 700 557 739 stato
590 698 752 739 ricerco
784 698 812 737 il
850 696 1073 738 Pontefice
1119 696 1176 737 da
1217 695 1272 747 gli
1305 695 1453 744 Slavi3
1500 695 1513 736 i
1555 696 1623 737 cui
1655 695 1897 744 Sacerdoti,
1929 696 2135 738 massime

342 756 397 797 de
428 755 482 808 gli
514 755 629 797 Slavi
662 755 774 796 della
806 753 1025 802 Liburnia,
1058 753 1137 794 che
1160 765 1269 793 sono
1293 752 1531 806 sottoposti
1563 753 1854 795 all'Arciduca
1883 754 1950 795 de'
1970 753 2132 804 Norici,

340 825 473 854 ancor
502 813 633 865 hoggi
665 812 895 854 celebrano
926 812 968 852 13
1008 811 1161 860 Messa,
1195 823 1217 851 e
1258 810 1354 851 altri
1387 810 1520 851 divini
1566 810 1697 865 ufficij
1740 811 1854 852 nella
1884 811 1952 852 lor
1980 811 2131 864 lingua

345 870 503 918 nativa,
540 883 628 911 non
674 869 875 911 havendo
922 869 1077 910 alcuna
1126 867 1374 920 cognitione
1424 867 1539 909 della
1582 868 1729 909 latina.
1777 867 1888 910 Anzi
1922 868 2135 921 gl'istessi

339 927 529 980 Principi
561 927 787 968 de'Norici
828 938 1099 979 vsurparono
1141 925 1284 978 (come
1322 925 1460 966 scrive
1502 926 1527 966 l’
1546 925 1769 967 Auentino
1813 926 1854 967 al
1893 926 1933 967 4.
1966 925 2059 980 lib.)
2093 926 2134 967 le

338 985 489 1026 lettere
521 984 646 1026 Slave
675 984 784 1026 nelle
816 984 1020 1037 publiche
1051 983 1273 1032 scritture3
1306 996 1431 1024 come
1462 983 1495 1024 si
1518 985 1607 1036 puo
1638 983 1795 1025 vedere
1826 983 1939 1026 nella
1969 983 2128 1026 Chiesa

343 1042 386 1083 di
419 1041 462 1083 S.
495 1041 673 1083 Stefano
705 1042 749 1083 in
782 1041 986 1082 Vienna.“

478 1120 511 1154 Π
535 1132 655 1166 regno
681 1120 784 1166 degli
811 1120 915 1155 Slavi
940 1119 1060 1166 hoggi
1086 1122 1388 1154 corrottamente
1413 1105 1510 1154 detti
1538 1119 1753 1155 Schjavom'.
1779 1119 1956 1155 Historia
1979 1120 2018 1154 di
2043 1119 2133 1155 Don

342 1166 477 1202 Mauro
505 1167 639 1202 Orbini
663 1166 819 1202 Rauseo
846 1166 984 1201 abbate
1010 1166 1220 1209 Melitense,
1246 1166 1291 1200 In
1316 1167 1458 1201 Pesaro
1483 1165 1625 1201 MDCI.
1652 1178 1686 1212 p.
1710 1166 1767 1200 46.

673 1285 712 1324 4.
744 1284 872 1333 1602,
904 1284 935 1324 2
965 1282 1208 1333 Februarii,
1241 1282 1514 1336 Lepoylavae,
1549 1282 1802 1336 Zayrabien.

479 1363 655 1405 Simeon
686 1364 877 1405 Bratulic
910 1364 1143 1417 episcopus
1176 1364 1480 1416 Zagrabiensis
1502 1364 1545 1404 in
1568 1363 1754 1417 epistola
1784 1364 1841 1405 ad
1873 1363 2133 1406 canonicum

341 1433 576 1486 Napulium
598 1433 663 1474 vel
685 1433 915 1474 Dvornicic
938 1433 1040 1474 data
1062 1433 1338 1474 sacerdotum
1363 1433 1665 1486 glagolitarum
1690 1432 1992 1485 Zagrabiensis
2014 1433 2135 1475 dioe-

340 1515 488 1544 ceseos
515 1502 725 1543 meminit.

475 1580 754 1616 Anthenticum
777 1581 817 1615 in
842 1581 1076 1616 Collectione
1095 1582 1359 1628 Lopasiciana‚
1386 1580 1451 1616 cfr.
1475 1580 1640 1625 Tkafflid,
1669 1581 1882 1616 Slavensko
1906 1580 2136 1628 bogosluije

341 1639 366 1661 u
390 1627 615 1672 Hrvatskoj,
641 1627 855 1673 Zagrabiae
881 1627 979 1671 1904,
1005 1628 1061 1662 81.
1584 1631 1587 1634 ’

888 1743 926 1785 5.
960 1745 1088 1793 1602,
1126 1742 1152 1779 7
1183 1743 1354 1794 Martii,
1388 1742 1583 1786 Sibenici.

477 1833 527 1875 In
560 1834 690 1876 Curia
722 1835 959 1888 episcopali
992 1835 1263 1877 Sibenicensi
1295 1837 1520 1889 presbyter
1541 1837 1700 1878 Petrus
1731 1835 1962 1878 Mestrovic
1993 1835 2131 1877 Paro-

342 1904 448 1945 chus
479 1903 611 1945 Villae
633 1904 815 1956 Magnae
843 1917 892 1946 ac
914 1905 1092 1946 Betinae
1126 1904 1320 1960 Murtarij
1355 1905 1581 1947 dioceseos
1612 1905 1919 1956 Sibenicensis,
1952 1903 2130 1958 deposi-

341 1972 504 2014 tionem
535 1972 782 2014 indicialem
816 1973 1072 2026 glagoliticis
1105 1974 1430 2015 characteribus
1462 1974 1720 2016 subscribit:

482 2055 684 2105 „rogatus
715 2053 775 2094 fui
815 2054 907 2106 Ego
949 2054 1145 2095 notarius
1187 2058 1231 2096 et
1263 2054 1556 2096 Cancellarius
1589 2054 1747 2097 Curiae
1793 2053 2053 2108 episcopalis
2083 2044 2134 2095 ut

341 2110 454 2151 hanc
484 2113 730 2163 presentem
762 2114 911 2152 notam
942 2112 1120 2153 nomine
1152 2112 1287 2164 ipsius
1318 2112 1530 2165 praedicti
1573 2112 1688 2153 Petri
1721 2111 1963 2162 conficiam,
1996 2123 2130 2164 quam

342 2168 471 2208 etiam
503 2168 594 2220 ipse
623 2169 847 2221 presbyter
877 2169 1031 2210 Petrus
1062 2183 1193 2211 manu
1225 2170 1402 2223 propria
1432 2169 1584 2211 illirico
1615 2170 1825 2211 idiomate
1854 2168 2126 2222 subscripsit,

342 2237 439 2266 cum
471 2225 551 2277 ipsi
584 2238 760 2278 quoque
792 2226 1011 2268 declarata
1042 2227 1121 2267 fuit
1153 2228 1307 2268 eadem
1339 2229 1445 2269 nota
1475 2227 1673 2281 praefato
1705 2227 1841 2268 ilirico
1873 2239 2088 2268 sermone.

477 2282 526 2323 Ja
557 2283 645 2324 don
677 2283 805 2325 Petar
835 2284 1063 2325 Mestrovic'
1093 2285 1372 2339 potvrdujem
1405 2290 1455 2327 ca
1480 2285 1525 2339 je
1554 2298 1685 2337 zgora
1714 2285 1911 2337 pisano.“

482 2361 692 2395 Archivum
717 2362 854 2397 Curiae
881 2363 1110 2409 episcopalis
1138 2363 1408 2406 Sibenicensis,
1434 2363 1517 2398 Vol.
1542 2364 1596 2406 51,
1622 2363 1723 2398 Acta
1747 2363 1918 2409 episcopi
1943 2361 2140 2398 vincentii

342 2406 523 2453 Arigonis
552 2408 788 2450 leel—1605,
814 2407 837 2443 f.
864 2409 895 2442 6.
923 2427 928 2433 -

915 2527 952 2566 6.
985 2527 1114 2576 1603,
1147 2527 1176 2566 3
1207 2525 1335 2578 Maji,
1368 2525 1563 2568 Sibenici.

479 2614 524 2654 In
557 2614 688 2656 Curia
721 2616 955 2669 episcopali
1007 2617 1255 2670 „presbyter
1287 2617 1499 2659 Martinus
1531 2617 1730 2660 Strikelic
1762 2617 1817 2659 de
1846 2616 1948 2659 villa
1979 2617 2136 2660 Betina

343 2682 567 2724 dioceseos
601 2683 889 2726 Sibenicensis
921 2686 1041 2727 testis
1074 2699 1125 2726 ex
1158 2687 1294 2728 offitio
1327 2689 1590 2741 assumptus,
1625 2700 1724 2729 cum
1755 2687 1812 2728 ad
1833 2699 2040 2740 praesens
2062 2699 2131 2728 re-

342 2751 534 2804 periatur
575 2751 796 2794 Parochus
839 2754 963 2796 villae
1010 2755 1272 2797 Azuriorum
1321 2747 1466 2811 (Zirje)
1514 2756 1612 2798 loco
1663 2756 1903 2809 presbyteri
1954 2755 2135 2798 Antonii

342 2819 488 2874 Florij,
526 2821 668 2862 delato
702 2822 757 2863 ad
789 2823 908 2875 prius
942 2824 1186 2865 iuramento
1220 2825 1274 2865 de
1306 2825 1486 2867 veritate
1519 2825 1717 2875 dicenda,
1749 2827 1791 2866 et
1823 2825 2126 2878 interrogatus.

347 2913 392 2918 —
418 2888 559 2941 Super
578 2891 848 2941 generalibus
866 2895 981 2933 recte
1004 2893 1210 2934 relectum
1234 2894 1506 2935 confirmavit
1529 2897 1570 2935 et
1598 2893 1852 2947 subscripsit
1870 2893 2126 2947 glagoliticis

345 2957 683 3000 characteribus.

480 3026 529 3068 Ja
562 3027 650 3068 don
682 3028 836 3069 Martin
870 3021 1067 3071 Strikelic
1098 3031 1433 3086 potvrdjujem.“

333 3141 335 3144 Α
403 3150 409 3155 .
478 3104 684 3155 ᾼΓοὴίνιιῐι]
712 3106 848 3141 Curiae
874 3109 1102 3154 episcopalis
1129 3109 1397 3154 Sibenicensis,
1426 3111 1505 3146 Vol.
1525 3112 1578 3154 51,
1604 3112 1704 3145 Acta
1729 3111 1900 3158 episcopi
1928 3109 2121 3146 Vincentii

344 3151 526 3196 Arigoms
553 3151 788 3195 1601—1605,
814 3152 838 3187 f.
865 3154 917 3188 78.
