2191 3434
553 314 1089 361 Glagolitzo-Romanae
1137 312 1293 346 XVII.
1343 323 1379 346 s.
1780 310 1824 344 45

64 459 302 511 gratiosum
336 459 619 510 praeceptum
648 456 922 496 Eminentiae
968 454 1143 494 Vestrae
1175 466 1306 505 quam
1350 451 1614 504 obsequiose
1649 454 1690 491 et
1723 450 1865 490 liumi-

62 517 159 558 liter
191 516 409 563 referrem,
457 516 670 566 exoptans
714 526 740 554 a
782 513 965 554 Summo
1009 512 1102 552 Deo
1149 509 1421 552 Eminentiae
1464 509 1641 549 Vestrae
1689 520 1865 548 omnem

62 574 325 616 felicitatem.
361 573 520 613 Datum
555 571 753 612 Flumine
784 570 826 611 S.
861 570 944 610 Viti
978 569 1047 611 die
1079 569 1116 610 5.
1155 567 1424 620 Septembris
1452 566 1571 607 1654.

201 641 474 683 Eminentiae
509 640 686 682 Vestrae
718 640 986 681 humillimus
1019 641 1060 680 et
1093 638 1400 679 devotissimus
1433 648 1584 676 servus

1219 707 1374 748 Petrus
1406 705 1594 747 Mariani

895 766 1140 819 Episcopus
1173 764 1424 817 Segniensis
1458 766 1499 804 et
1540 761 1868 803 Modrusiensis.

200 859 356 902 Farlati‚
382 858 581 904 Illyricum
609 859 779 901 Sacrum,
804 858 871 901 IV,
897 857 972 891 144.

668 987 762 1027 155.
795 987 846 1026 15
878 984 1020 1034 Junii,
1054 983 1264 1026 Pareniii.

204 1081 395 1123 Joannes
440 1080 641 1133 Baptista
687 1079 742 1120 de
785 1078 936 1119 Judice
981 1078 1214 1131 episcopus
1265 1076 1527 1117 Parentinus
1570 1088 1613 1115 m
1660 1073 1873 1115 relatione

70 1149 339 1191 Visitationis
382 1150 439 1191 ad
482 1149 650 1190 Limina
692 1148 1022 1201 Apostolorum,
1067 1146 1111 1188 S.
1156 1145 1555 1198 Congregationem
1603 1143 1785 1185 Concilii
1819 1142 1873 1183 de

67 1222 184 1261 statu
217 1220 471 1261 dioeceseos
505 1218 736 1259 certiorem
767 1217 971 1267 reddens,
1003 1216 1157 1258 refert:

210 1334 242 1350 „.
263 1333 271 1342 .
292 1333 300 1341 .
321 1332 329 1341 .
362 1302 464 1352 post
497 1299 738 1353 Synodum,
771 1311 903 1351 quam
936 1298 1085 1350 lingua
1108 1296 1260 1338 Italica
1282 1295 1395 1350 typis
1418 1295 1626 1337 traditam
1659 1293 1870 1335 Parochis

69 1359 177 1400 meis
208 1362 298 1400 tam
330 1358 470 1399 Latini
503 1370 636 1410 quam
681 1356 824 1398 illirici
867 1356 1089 1397 idiomatis
1121 1368 1201 1408 pro
1234 1367 1387 1396 eorum
1414 1352 1595 1394 faciliori
1628 1354 1758 1405 captu
1792 1352 1873 1393 do-

70 1429 289 1465 naveram,
316 1418 506 1469 postque
527 1415 699 1456 tertiam
733 1413 977 1467 generalem
1002 1413 1223 1454 Dioecesis
1254 1412 1549 1454 visitationem
1578 1410 1634 1452 ad
1664 1422 1874 1463 praesens

70 1487 163 1515 esse
195 1474 483 1515 reseverans“.

206 1564 487 1599 Anthenticum
511 1564 551 1598 in
583 1563 753 1598 Archivo
781 1563 817 1598 S.
852 1563 991 1608 Congr.
1029 1561 1192 1597 Ooncilii
1228 1561 1269 1595 in
1294 1559 1502 1595 Tabulario
1529 1559 1738 1602 Vatican03
1760 1557 1876 1604 juxta

70 1614 297 1657 axcerptum
323 1610 589 1646 Orncicianum
615 1610 705 1644 anni
732 1609 830 1644 1892.

513 1739 607 1779 156.
640 1739 765 1789 1655,
797 1738 859 1779 ,26
891 1736 1142 1787 Decembris,
1165 1735 1440 1788 Justinopoli.

208 1832 421 1874 Baldasar
453 1832 659 1873 Corniani
693 1832 927 1885 episcopus
959 1830 1355 1883 Justinopohtanus
1393 1829 1436 1869 in
1469 1827 1681 1869 relatione
1714 1825 1874 1866 Visita-

71 1902 202 1944 tionis
234 1902 290 1943 ad
330 1901 502 1943 Limina
541 1901 856 1954 Apostolorum
902 1901 945 1942 S.
989 1899 1386 1952 Congregationem
1430 1896 1615 1939 Concilii
1657 1896 1711 1936 de
1759 1897 1874 1935 statu

74 1972 329 2013 dioeceseos
362 1971 591 2013 certiorem
623 1971 827 2021 reddens,
859 1970 1011 2012 refert:

216 2062 426 2113 „Constat
458 2062 637 2103 omnino
679 2075 814 2115 parva
846 2062 953 2102 haec
986 2060 1198 2102 dioecesis
1242 2061 1349 2101 urbe
1392 2060 1475 2101 hac
1504 2057 1787 2112 Justinopoli;
1826 2080 1873 2086 —

74 2120 248 2163 duobus
295 2119 469 2173 oppidis
515 2120 676 2161 Pirano
725 2123 767 2160 et
796 2118 966 2169 Insuia;
1002 2119 1300 2171 tredecimque
1341 2117 1478 2170 pagis,
1520 2129 1663 2170 neque
1705 2114 1874 2168 amplis,

73 2192 216 2232 neque
246 2177 496 2231 populosis;
531 2178 602 2218 ubi
636 2181 840 2230 agrestes,
874 2190 978 2218 sane
1009 2177 1154 2223 rudes
1187 2177 1334 2228 lingua
1364 2174 1532 2227 Illyrica
1565 2177 1760 2220 utuntur,
1785 2185 1874 2213 non

73 2249 197 2290 pura,
243 2249 322 2277 nec
369 2236 496 2284 culta,
539 2236 616 2276 sed
666 2235 802 2277 notha
844 2236 1095 2288 spuriaque.
1144 2234 1334 2275 Nomina
1379 2245 1596 2286 pagorum
1644 2231 1877 2273 barbarica

80 2294 336 2348 scriptuque
368 2306 418 2334 ac
449 2293 734 2346 pronuntiatu
769 2293 884 2334 Italis
917 2294 1069 2342 ardua,
1102 2292 1258 2333 lubens
1300 2291 1370 2332 hic
1401 2290 1716 2344 praetermitto.
1755 2313 1802 2318 —
1823 2311 1876 2317 ——

76 2352 129 2393 Et
160 2352 234 2405 qui
277 2364 423 2392 curam
468 2351 594 2391 iniis
633 2354 768 2403 agunt
805 2350 1060 2403 presbyteri,
1103 2363 1191 2390 non
1236 2362 1308 2390 eas
1351 2349 1394 2389 in
1437 2349 1610 2389 titulum
1644 2346 1877 2400 accipiunt,

75 2410 152 2450 sed
184 2409 315 2450 veluti
348 2409 560 2461 capellani
593 2412 695 2449 sunt
726 2409 782 2449 ad
815 2411 968 2449 nutum
1011 2407 1280 2449 amovibilcs.
1326 2406 1591 2460 Hujusmodi
1625 2405 1878 2446 sacerdotes

78 2467 229 2508 Latine
260 2467 472 2515 nesciunt,
506 2467 581 2507 sed
617 2480 668 2507 ne
699 2464 847 2507 Italice
871 2466 1063 2519 quidem,
1086 2466 1166 2506 nisi
1192 2464 1489 2505 semibarbare
1513 2467 1646 2517 atque
1678 2462 1880 2503 intricate

77 2525 197 2578 loqui
231 2527 404 2565 norunt.
429 2524 582 2577 Neque
604 2537 707 2565 vero
740 2537 885 2565 rerum
910 2523 1302 2564 ecclesiasticarum
1335 2526 1436 2562 sunt
1468 2521 1712 2562 admodum
1744 2518 1880 2571 gnari.

78 2582 246 2624 Tamen
294 2582 349 2623 ob
391 2582 650 2623 tenuitatem
692 2582 1008 2623 beneficiorum
1054 2581 1358 2633 sermonisque
1391 2580 1542 2633 Illyrici
1576 2578 1879 2619 necessitatem

88 2640 284 2693 cogimur
314 2639 364 2680 iis
397 2639 459 2680 uti
479 2672 486 2680 .
508 2671 516 2680 .
538 2671 546 2680 .
569 2643 585 2659 “

215 2730 496 2765 Authenticum
522 2731 561 2764 in
586 2729 755 2765 Archivo
796 2729 831 2764 S.
867 2730 1006 2776 Congr.
1042 2729 1203 2764 Concilii
1228 2729 1267 2762 in
1300 2727 1508 2764 Tabulario
1536 2726 1744 2768 Vatican03
1766 2724 1881 2769 juxta

81 2780 279 2812 excertum
306 2777 576 2812 Crncicianum
602 2776 692 2811 anni
718 2775 816 2810 1892.

520 2907 614 2946 157.
649 2905 947 2955 1605-1655,
980 2903 1175 2945 Ζιιηιεεεο
1217 2902 1437 2944 Ρανεηέίη.

223 2998 440 3039 Sacerdos
474 2999 703 3039 Lubrovac
736 2998 778 3038 in
810 2998 1079 3038 immissione
1098 2997 1141 3037 in
1170 2996 1492 3049 possessionem
1512 2993 1707 3035 beneticii
1744 2990 1879 3031 curati

87 3067 295 3109 Zumesco
329 3068 554 3109 dioecesos
588 3067 848 3108 Ferentinae
881 3066 1034 3107 emittit
1068 3066 1386 3118 professionem
1420 3064 1546 3103 fidei:

226 3148 294 3198 „in
327 3148 473 3200 lingua
502 3146 673 3196 Illirica‚
709 3159 807 3188 cum
838 3146 987 3188 Italice
1030 3147 1151 3199 loqui
1194 3146 1384 3199 perfecte
1428 3143 1628 3184 nescierit
1662 3142 1713 3180 de
1747 3139 1879 3180 verbo

85 3204 141 3245 ad
174 3206 353 3247 verbum
386 3206 715 3259 interpretando
750 3205 874 3246 Adm.
912 3206 962 3245 R.
1007 3204 1052 3245 P.
1090 3205 1179 3244 Dct'.
1214 3203 1408 3243 Antonio
1454 3199 1707 3241 Ausscrcnsi
1744 3200 1880 3238 Guar-
