<?xml version="1.0" encoding="UTF-8"?>
<!DOCTYPE html PUBLIC "-//W3C//DTD XHTML 1.0 Transitional//EN"
    "http://www.w3.org/TR/xhtml1/DTD/xhtml1-transitional.dtd">
<html xmlns="http://www.w3.org/1999/xhtml" xml:lang="en" lang="en">
 <head>
  <title>
</title>
<meta http-equiv="Content-Type" content="text/html;charset=utf-8" />
  <meta name='ocr-system' content='tesseract 3.04.00' />
  <meta name='ocr-capabilities' content='ocr_page ocr_carea ocr_par ocr_line ocrx_word'/>
</head>
<body>
  <div class='ocr_page' id='page_1' title='image "./fonteshistoricil00jeliuoft_0559.png"; bbox 0 0 2191 3434; ppageno 0'>
   <div class='ocr_carea' id='block_1_1' title="bbox 456 291 1930 339">
    <p class='ocr_par' dir='ltr' id='par_1_1' title="bbox 456 291 1930 339">
     <span class='ocr_line' id='line_1_1' title="bbox 456 291 1930 339; baseline 0.003 -13"><span class='ocrx_word' id='word_1_1' title='bbox 456 292 542 326; x_wconf 85' lang='lat' dir='ltr'>VII.</span> <span class='ocrx_word' id='word_1_2' title='bbox 570 292 792 338; x_wconf 77' lang='lat' dir='ltr'>Scriptores</span> <span class='ocrx_word' id='word_1_3' title='bbox 818 292 865 326; x_wconf 84' lang='lat' dir='ltr'>de</span> <span class='ocrx_word' id='word_1_4' title='bbox 890 291 1070 338; x_wconf 74' lang='lat' dir='ltr'>Liturgia</span> <span class='ocrx_word' id='word_1_5' title='bbox 1097 292 1489 338; x_wconf 81' lang='lat' dir='ltr'>Glagolito-Romana</span> <span class='ocrx_word' id='word_1_6' title='bbox 1520 298 1692 339; x_wconf 75' lang='lat' dir='ltr'>agentes.</span> <span class='ocrx_word' id='word_1_7' title='bbox 1842 296 1930 330; x_wconf 78' lang='lat' dir='ltr'>XLI</span> 
     </span>
    </p>
   </div>
   <div class='ocr_carea' id='block_1_2' title="bbox 1068 352 1963 361">
    <p class='ocr_par' dir='ltr' id='par_1_2' title="bbox 1068 352 1963 361">
     <span class='ocr_line' id='line_1_2' title="bbox 1068 352 1963 361; baseline 0 0"><span class='ocrx_word' id='word_1_8' title='bbox 1068 352 1963 361; x_wconf 95' lang='lat' dir='ltr'> </span> 
     </span>
    </p>
   </div>
   <div class='ocr_carea' id='block_1_3' title="bbox 1454 354 1963 362">
    <p class='ocr_par' dir='ltr' id='par_1_3' title="bbox 1454 354 1963 362">
     <span class='ocr_line' id='line_1_3' title="bbox 1454 354 1963 362; baseline 0 0"><span class='ocrx_word' id='word_1_9' title='bbox 1454 354 1963 362; x_wconf 95' lang='lat' dir='ltr'> </span> 
     </span>
    </p>
   </div>
   <div class='ocr_carea' id='block_1_4' title="bbox 159 431 1970 535">
    <p class='ocr_par' dir='ltr' id='par_1_4' title="bbox 159 431 1970 535">
     <span class='ocr_line' id='line_1_4' title="bbox 159 431 1970 535; baseline 0.002 -59"><span class='ocrx_word' id='word_1_10' title='bbox 159 434 565 535; x_wconf 44' lang='lat' dir='ltr'>XVIIIBeanedictus</span> <span class='ocrx_word' id='word_1_11' title='bbox 582 446 700 487; x_wconf 83' lang='lat' dir='ltr'>papa</span> <span class='ocrx_word' id='word_1_12' title='bbox 716 431 814 474; x_wconf 87' lang='lat' dir='ltr'>XIV</span> <span class='ocrx_word' id='word_1_13' title='bbox 838 432 1102 487; x_wconf 80' lang='lat' dir='ltr'>(Cardinalis</span> <span class='ocrx_word' id='word_1_14' title='bbox 1120 432 1408 487; x_wconf 84' lang='lat' dir='ltr'>Lambertini)</span> <span class='ocrx_word' id='word_1_15' title='bbox 1434 433 1487 474; x_wconf 90' lang='lat' dir='ltr'>de</span> <span class='ocrx_word' id='word_1_16' title='bbox 1501 434 1773 486; x_wconf 75' lang='lat' dir='ltr'>legitimitate</span> <span class='ocrx_word' id='word_1_17' title='bbox 1787 436 1870 489; x_wconf 77' lang='lat' dir='ltr'>Lgr</span> <span class='ocrx_word' id='word_1_18' title='bbox 1887 451 1970 479; x_wconf 79' lang='lat' dir='ltr'>nae</span> 
     </span>
    </p>
   </div>
   <div class='ocr_carea' id='block_1_5' title="bbox 160 559 1967 669">
    <p class='ocr_par' dir='ltr' id='par_1_5' title="bbox 160 559 1967 669">
     <span class='ocr_line' id='line_1_5' title="bbox 298 559 1967 612; baseline 0.001 -9"><span class='ocrx_word' id='word_1_19' title='bbox 298 562 483 603; x_wconf 85' lang='lat' dir='ltr'>Bianchi</span> <span class='ocrx_word' id='word_1_20' title='bbox 529 560 867 602; x_wconf 78' lang='lat' dir='ltr'>archidiaconus</span> <span class='ocrx_word' id='word_1_21' title='bbox 907 559 1130 601; x_wconf 85' lang='lat' dir='ltr'>Jadrensis</span> <span class='ocrx_word' id='word_1_22' title='bbox 1172 560 1227 600; x_wconf 89' lang='lat' dir='ltr'>de</span> <span class='ocrx_word' id='word_1_23' title='bbox 1267 573 1350 601; x_wconf 86' lang='lat' dir='ltr'>usu</span> <span class='ocrx_word' id='word_1_24' title='bbox 1390 560 1573 612; x_wconf 79' lang='lat' dir='ltr'>Lgr.nae</span> <span class='ocrx_word' id='word_1_25' title='bbox 1615 561 1658 602; x_wconf 93' lang='lat' dir='ltr'>in</span> <span class='ocrx_word' id='word_1_26' title='bbox 1706 562 1894 604; x_wconf 80' lang='lat' dir='ltr'>dioecesi</span> <span class='ocrx_word' id='word_1_27' title='bbox 1928 568 1967 605; x_wconf 80' lang='lat' dir='ltr'>et</span> 
     </span>
     <span class='ocr_line' id='line_1_6' title="bbox 160 617 827 669; baseline -0.007 -6"><span class='ocrx_word' id='word_1_28' title='bbox 160 621 334 663; x_wconf 80' lang='lat' dir='ltr'>civitate</span> <span class='ocrx_word' id='word_1_29' title='bbox 365 619 577 669; x_wconf 84' lang='lat' dir='ltr'>Jadrensi,</span> <span class='ocrx_word' id='word_1_30' title='bbox 609 617 726 666; x_wconf 88' lang='lat' dir='ltr'>XIX,</span> <span class='ocrx_word' id='word_1_31' title='bbox 759 618 827 660; x_wconf 69' lang='lat'>802.</span> 
     </span>
    </p>
   </div>
   <div class='ocr_carea' id='block_1_6' title="bbox 114 687 1972 802">
    <p class='ocr_par' dir='ltr' id='par_1_6' title="bbox 114 687 1972 802">
     <span class='ocr_line' id='line_1_7' title="bbox 300 687 1972 740; baseline 0 -9"><span class='ocrx_word' id='word_1_32' title='bbox 300 689 539 731; x_wconf 83' lang='lat' dir='ltr'>Bombardi</span> <span class='ocrx_word' id='word_1_33' title='bbox 572 688 757 730; x_wconf 82' lang='lat' dir='ltr'>Michael</span> <span class='ocrx_word' id='word_1_34' title='bbox 790 688 844 729; x_wconf 91' lang='lat' dir='ltr'>de</span> <span class='ocrx_word' id='word_1_35' title='bbox 874 701 957 729; x_wconf 83' lang='lat' dir='ltr'>usu</span> <span class='ocrx_word' id='word_1_36' title='bbox 988 687 1153 740; x_wconf 78' lang='lat' dir='ltr'>vigenti</span> <span class='ocrx_word' id='word_1_37' title='bbox 1184 687 1367 740; x_wconf 82' lang='lat' dir='ltr'>Lgrnae</span> <span class='ocrx_word' id='word_1_38' title='bbox 1399 688 1441 728; x_wconf 92' lang='lat' dir='ltr'>in</span> <span class='ocrx_word' id='word_1_39' title='bbox 1464 687 1682 730; x_wconf 85' lang='lat' dir='ltr'>Dalmatia</span> <span class='ocrx_word' id='word_1_40' title='bbox 1706 692 1747 731; x_wconf 89' lang='lat' dir='ltr'>et</span> <span class='ocrx_word' id='word_1_41' title='bbox 1778 690 1972 732; x_wconf 78' lang='lat' dir='ltr'>finitimis</span> 
     </span>
     <span class='ocr_line' id='line_1_8' title="bbox 114 745 710 802; baseline -0.007 -11"><span class='ocrx_word' id='word_1_42' title='bbox 114 751 122 760; x_wconf 79' lang='lat'><em>&#39;</em></span> <span class='ocrx_word' id='word_1_43' title='bbox 160 748 426 802; x_wconf 81' lang='lat' dir='ltr'>regionibus,</span> <span class='ocrx_word' id='word_1_44' title='bbox 457 745 609 796; x_wconf 81' lang='lat' dir='ltr'>XVIII,</span> <span class='ocrx_word' id='word_1_45' title='bbox 642 746 710 787; x_wconf 69' lang='lat'>62.</span> 
     </span>
    </p>
   </div>
   <div class='ocr_carea' id='block_1_7' title="bbox 160 814 1979 922">
    <p class='ocr_par' dir='ltr' id='par_1_7' title="bbox 160 814 1979 922">
     <span class='ocr_line' id='line_1_9' title="bbox 300 814 1979 868; baseline 0.001 -10"><span class='ocrx_word' id='word_1_46' title='bbox 300 817 425 858; x_wconf 87' lang='lat' dir='ltr'>Bona</span> <span class='ocrx_word' id='word_1_47' title='bbox 457 815 701 858; x_wconf 76' lang='lat' dir='ltr'>Cardinalis</span> <span class='ocrx_word' id='word_1_48' title='bbox 743 815 797 856; x_wconf 88' lang='lat' dir='ltr'>de</span> <span class='ocrx_word' id='word_1_49' title='bbox 838 827 920 856; x_wconf 85' lang='lat' dir='ltr'>usu</span> <span class='ocrx_word' id='word_1_50' title='bbox 964 814 1188 856; x_wconf 81' lang='lat' dir='ltr'>communi</span> <span class='ocrx_word' id='word_1_51' title='bbox 1230 815 1413 868; x_wconf 82' lang='lat' dir='ltr'>Lgr.nae</span> <span class='ocrx_word' id='word_1_52' title='bbox 1445 816 1488 856; x_wconf 88' lang='lat' dir='ltr'>in</span> <span class='ocrx_word' id='word_1_53' title='bbox 1522 815 1662 864; x_wconf 78' lang='lat' dir='ltr'>Isti-ia,</span> <span class='ocrx_word' id='word_1_54' title='bbox 1697 816 1906 859; x_wconf 79' lang='lat' dir='ltr'>Liburnia</span> <span class='ocrx_word' id='word_1_55' title='bbox 1938 822 1979 859; x_wconf 87' lang='lat' dir='ltr'>et</span> 
     </span>
     <span class='ocr_line' id='line_1_10' title="bbox 160 873 673 922; baseline -0.004 -5"><span class='ocrx_word' id='word_1_56' title='bbox 160 875 381 918; x_wconf 86' lang='lat' dir='ltr'>Dalmatia</span> <span class='ocrx_word' id='word_1_57' title='bbox 412 873 542 922; x_wconf 92' lang='lat' dir='ltr'>XVII,</span> <span class='ocrx_word' id='word_1_58' title='bbox 578 875 673 915; x_wconf 79' lang='lat'>193.</span> 
     </span>
    </p>
   </div>
   <div class='ocr_carea' id='block_1_8' title="bbox 163 953 1977 1063">
    <p class='ocr_par' dir='ltr' id='par_1_8' title="bbox 163 953 1977 1063">
     <span class='ocr_line' id='line_1_11' title="bbox 300 953 1976 1009; baseline 0.001 -12"><span class='ocrx_word' id='word_1_59' title='bbox 300 955 521 997; x_wconf 67' lang='lat' dir='ltr'>Budrovie</span> <span class='ocrx_word' id='word_1_60' title='bbox 537 955 760 1009; x_wconf 79' lang='lat' dir='ltr'>professor</span> <span class='ocrx_word' id='word_1_61' title='bbox 778 953 1000 996; x_wconf 85' lang='lat' dir='ltr'>Jadrensis</span> <span class='ocrx_word' id='word_1_62' title='bbox 1019 954 1073 995; x_wconf 90' lang='lat' dir='ltr'>de</span> <span class='ocrx_word' id='word_1_63' title='bbox 1093 953 1349 995; x_wconf 84' lang='lat' dir='ltr'>Seminariis</span> <span class='ocrx_word' id='word_1_64' title='bbox 1368 955 1612 997; x_wconf 80' lang='lat' dir='ltr'>dalmaticis</span> <span class='ocrx_word' id='word_1_65' title='bbox 1630 970 1708 1008; x_wconf 79' lang='lat' dir='ltr'>pro</span> <span class='ocrx_word' id='word_1_66' title='bbox 1729 956 1976 1009; x_wconf 65' lang='lat' dir='ltr'>Glagolitisss.</span> 
     </span>
     <span class='ocr_line' id='line_1_12' title="bbox 163 1011 1977 1063; baseline -0.001 -6"><span class='ocrx_word' id='word_1_67' title='bbox 163 1028 214 1057; x_wconf 84' lang='lat' dir='ltr'>ac</span> <span class='ocrx_word' id='word_1_68' title='bbox 237 1015 292 1056; x_wconf 88' lang='lat' dir='ltr'>de</span> <span class='ocrx_word' id='word_1_69' title='bbox 325 1014 556 1056; x_wconf 83' lang='lat' dir='ltr'>Seminarii</span> <span class='ocrx_word' id='word_1_70' title='bbox 593 1013 806 1055; x_wconf 83' lang='lat' dir='ltr'>Centralis</span> <span class='ocrx_word' id='word_1_71' title='bbox 838 1012 1060 1054; x_wconf 85' lang='lat' dir='ltr'>Jadrensis</span> <span class='ocrx_word' id='word_1_72' title='bbox 1092 1026 1117 1054; x_wconf 87' lang='lat' dir='ltr'>a</span> <span class='ocrx_word' id='word_1_73' title='bbox 1151 1011 1375 1053; x_wconf 79' lang='lat' dir='ltr'>Gubernio</span> <span class='ocrx_word' id='word_1_74' title='bbox 1409 1013 1639 1054; x_wconf 80' lang='lat' dir='ltr'>Austriaco</span> <span class='ocrx_word' id='word_1_75' title='bbox 1668 1014 1977 1063; x_wconf 79' lang='lat' dir='ltr'>latinizatioue‚</span> 
     </span>
    </p>
   </div>
   <div class='ocr_carea' id='block_1_9' title="bbox 166 1072 378 1123">
    <p class='ocr_par' dir='ltr' id='par_1_9' title="bbox 166 1072 378 1123">
     <span class='ocr_line' id='line_1_13' title="bbox 166 1072 378 1123; baseline -0.009 -8"><span class='ocrx_word' id='word_1_76' title='bbox 166 1072 276 1123; x_wconf 77' lang='lat' dir='ltr'>XIX,</span> <span class='ocrx_word' id='word_1_77' title='bbox 309 1073 378 1114; x_wconf 78' lang='lat'>44.</span> 
     </span>
    </p>
   </div>
   <div class='ocr_carea' id='block_1_10' title="bbox 163 1139 1976 1254">
    <p class='ocr_par' dir='ltr' id='par_1_10' title="bbox 163 1139 1976 1254">
     <span class='ocr_line' id='line_1_14' title="bbox 306 1139 1976 1193; baseline -0.001 -10"><span class='ocrx_word' id='word_1_78' title='bbox 306 1141 478 1183; x_wconf 83' lang='lat' dir='ltr'>Caraffa</span> <span class='ocrx_word' id='word_1_79' title='bbox 511 1140 695 1182; x_wconf 80' lang='lat' dir='ltr'>Carolus</span> <span class='ocrx_word' id='word_1_80' title='bbox 727 1139 918 1180; x_wconf 75' lang='lat' dir='ltr'>Nuntius</span> <span class='ocrx_word' id='word_1_81' title='bbox 949 1139 1234 1191; x_wconf 82' lang='lat' dir='ltr'>Apostolicus</span> <span class='ocrx_word' id='word_1_82' title='bbox 1277 1140 1332 1180; x_wconf 90' lang='lat' dir='ltr'>de</span> <span class='ocrx_word' id='word_1_83' title='bbox 1363 1140 1476 1193; x_wconf 70' lang='lat' dir='ltr'>typis</span> <span class='ocrx_word' id='word_1_84' title='bbox 1509 1140 1774 1193; x_wconf 82' lang='lat' dir='ltr'>Glagoliticis</span> <span class='ocrx_word' id='word_1_85' title='bbox 1807 1142 1861 1182; x_wconf 71' lang='lat' dir='ltr'>ab</span> <span class='ocrx_word' id='word_1_86' title='bbox 1896 1142 1976 1182; x_wconf 85' lang='lat' dir='ltr'>im-</span> 
     </span>
     <span class='ocr_line' id='line_1_15' title="bbox 163 1196 1976 1254; baseline -0.001 -13"><span class='ocrx_word' id='word_1_87' title='bbox 163 1202 368 1254; x_wconf 78' lang='lat' dir='ltr'>peratore</span> <span class='ocrx_word' id='word_1_88' title='bbox 399 1199 681 1240; x_wconf 85' lang='lat' dir='ltr'>Ferdinaudo</span> <span class='ocrx_word' id='word_1_89' title='bbox 714 1196 733 1239; x_wconf 94' lang='grc' dir='ltr'><strong>Ι</strong></span> <span class='ocrx_word' id='word_1_90' title='bbox 774 1211 855 1251; x_wconf 89' lang='lat' dir='ltr'>pro</span> <span class='ocrx_word' id='word_1_91' title='bbox 899 1197 942 1238; x_wconf 85' lang='lat' dir='ltr'>S.</span> <span class='ocrx_word' id='word_1_92' title='bbox 988 1197 1340 1250; x_wconf 84' lang='lat' dir='ltr'>Congregatione</span> <span class='ocrx_word' id='word_1_93' title='bbox 1373 1200 1427 1239; x_wconf 89' lang='lat' dir='ltr'>de</span> <span class='ocrx_word' id='word_1_94' title='bbox 1469 1197 1598 1252; x_wconf 86' lang='lat' dir='ltr'>Prop.</span> <span class='ocrx_word' id='word_1_95' title='bbox 1631 1199 1737 1240; x_wconf 82' lang='lat' dir='ltr'>Fide</span> <span class='ocrx_word' id='word_1_96' title='bbox 1770 1200 1976 1249; x_wconf 79' lang='lat' dir='ltr'>obtentis,</span> 
     </span>
    </p>
   </div>
   <div class='ocr_carea' id='block_1_11' title="bbox 165 1256 400 1307">
    <p class='ocr_par' dir='ltr' id='par_1_11' title="bbox 165 1256 400 1307">
     <span class='ocr_line' id='line_1_16' title="bbox 165 1256 400 1307; baseline 0 -8"><span class='ocrx_word' id='word_1_97' title='bbox 165 1256 298 1307; x_wconf 87' lang='lat' dir='ltr'>XVII,</span> <span class='ocrx_word' id='word_1_98' title='bbox 331 1257 400 1299; x_wconf 78' lang='lat'>54.</span> 
     </span>
    </p>
   </div>
   <div class='ocr_carea' id='block_1_12' title="bbox 162 1336 1978 1451">
    <p class='ocr_par' dir='ltr' id='par_1_12' title="bbox 162 1336 1978 1451">
     <span class='ocr_line' id='line_1_17' title="bbox 300 1336 1978 1391; baseline 0 -11"><span class='ocrx_word' id='word_1_99' title='bbox 300 1338 441 1380; x_wconf 85' lang='lat' dir='ltr'>Cerva</span> <span class='ocrx_word' id='word_1_100' title='bbox 473 1337 651 1381; x_wconf 85' lang='lat' dir='ltr'>Tubero</span> <span class='ocrx_word' id='word_1_101' title='bbox 684 1337 937 1389; x_wconf 81' lang='lat' dir='ltr'>Ragusinus</span> <span class='ocrx_word' id='word_1_102' title='bbox 971 1337 1025 1377; x_wconf 90' lang='lat' dir='ltr'>de</span> <span class='ocrx_word' id='word_1_103' title='bbox 1055 1350 1137 1378; x_wconf 90' lang='lat' dir='ltr'>usu</span> <span class='ocrx_word' id='word_1_104' title='bbox 1170 1336 1330 1389; x_wconf 78' lang='lat' dir='ltr'>vigenti</span> <span class='ocrx_word' id='word_1_105' title='bbox 1363 1337 1544 1390; x_wconf 74' lang='lat' dir='ltr'>Lgr.nae</span> <span class='ocrx_word' id='word_1_106' title='bbox 1568 1338 1610 1378; x_wconf 84' lang='lat' dir='ltr'>in</span> <span class='ocrx_word' id='word_1_107' title='bbox 1642 1338 1867 1391; x_wconf 84' lang='lat' dir='ltr'>provincia</span> <span class='ocrx_word' id='word_1_108' title='bbox 1889 1339 1978 1380; x_wconf 81' lang='lat' dir='ltr'>Ra-</span> 
     </span>
     <span class='ocr_line' id='line_1_18' title="bbox 162 1395 1978 1451; baseline -0.001 -13"><span class='ocrx_word' id='word_1_109' title='bbox 162 1397 367 1446; x_wconf 53' lang='lat' dir='ltr'>ausiensi,</span> <span class='ocrx_word' id='word_1_110' title='bbox 399 1395 659 1450; x_wconf 86' lang='lat' dir='ltr'>praesertim</span> <span class='ocrx_word' id='word_1_111' title='bbox 682 1396 723 1436; x_wconf 88' lang='lat' dir='ltr'>in</span> <span class='ocrx_word' id='word_1_112' title='bbox 757 1395 966 1436; x_wconf 84' lang='lat' dir='ltr'>Slavonia</span> <span class='ocrx_word' id='word_1_113' title='bbox 999 1395 1321 1449; x_wconf 75' lang='lat' dir='ltr'>(Hercegovina</span> <span class='ocrx_word' id='word_1_114' title='bbox 1354 1397 1396 1436; x_wconf 90' lang='lat' dir='ltr'>et</span> <span class='ocrx_word' id='word_1_115' title='bbox 1426 1395 1642 1437; x_wconf 80' lang='lat' dir='ltr'>Dalmatia</span> <span class='ocrx_word' id='word_1_116' title='bbox 1675 1397 1978 1451; x_wconf 78' lang='lat' dir='ltr'>meridionali),</span> 
     </span>
    </p>
   </div>
   <div class='ocr_carea' id='block_1_13' title="bbox 136 1453 416 1505">
    <p class='ocr_par' dir='ltr' id='par_1_13' title="bbox 136 1453 416 1505">
     <span class='ocr_line' id='line_1_19' title="bbox 136 1453 416 1505; baseline -0.004 -9"><span class='ocrx_word' id='word_1_117' title='bbox 136 1495 139 1496; x_wconf 14' lang='grc' dir='ltr'><em>γ</em></span> <span class='ocrx_word' id='word_1_118' title='bbox 160 1453 314 1505; x_wconf 88' lang='lat' dir='ltr'>XVIII,</span> <span class='ocrx_word' id='word_1_119' title='bbox 347 1455 416 1495; x_wconf 77' lang='lat'>602.</span> 
     </span>
    </p>
   </div>
   <div class='ocr_carea' id='block_1_14' title="bbox 160 1522 1975 1636">
    <p class='ocr_par' dir='ltr' id='par_1_14' title="bbox 160 1522 1975 1636">
     <span class='ocr_line' id='line_1_20' title="bbox 303 1522 1975 1576; baseline -0.001 -11"><span class='ocrx_word' id='word_1_120' title='bbox 303 1523 502 1566; x_wconf 83' lang='lat' dir='ltr'>Cetinieh</span> <span class='ocrx_word' id='word_1_121' title='bbox 535 1524 589 1564; x_wconf 92' lang='lat' dir='ltr'>de</span> <span class='ocrx_word' id='word_1_122' title='bbox 621 1523 869 1564; x_wconf 86' lang='lat' dir='ltr'>Seminario</span> <span class='ocrx_word' id='word_1_123' title='bbox 902 1522 1070 1575; x_wconf 79' lang='lat' dir='ltr'>Illyrico</span> <span class='ocrx_word' id='word_1_124' title='bbox 1100 1523 1142 1563; x_wconf 90' lang='lat' dir='ltr'>in</span> <span class='ocrx_word' id='word_1_125' title='bbox 1176 1522 1388 1564; x_wconf 85' lang='lat' dir='ltr'>suburbio</span> <span class='ocrx_word' id='word_1_126' title='bbox 1433 1523 1574 1564; x_wconf 66' lang='lat' dir='ltr'>Lueac</span> <span class='ocrx_word' id='word_1_127' title='bbox 1605 1536 1744 1576; x_wconf 86' lang='lat' dir='ltr'>prope</span> <span class='ocrx_word' id='word_1_128' title='bbox 1777 1523 1975 1576; x_wconf 79' lang='lat' dir='ltr'>Spatuin,</span> 
     </span>
     <span class='ocr_line' id='line_1_21' title="bbox 160 1580 652 1636; baseline 0 -13"><span class='ocrx_word' id='word_1_129' title='bbox 160 1581 310 1633; x_wconf 89' lang='lat' dir='ltr'>XVIII,</span> <span class='ocrx_word' id='word_1_130' title='bbox 345 1582 442 1624; x_wconf 68' lang='grc'>243</span> <span class='ocrx_word' id='word_1_131' title='bbox 475 1582 533 1636; x_wconf 83' lang='lat' dir='ltr'>(p.</span> <span class='ocrx_word' id='word_1_132' title='bbox 567 1580 652 1635; x_wconf 77' lang='lat'><strong>74).</strong></span> 
     </span>
    </p>
   </div>
   <div class='ocr_carea' id='block_1_15' title="bbox 161 1649 1974 1762">
    <p class='ocr_par' dir='ltr' id='par_1_15' title="bbox 161 1649 1974 1762">
     <span class='ocr_line' id='line_1_22' title="bbox 302 1649 1974 1703; baseline -0.001 -11"><span class='ocrx_word' id='word_1_133' title='bbox 302 1651 526 1693; x_wconf 87' lang='lat' dir='ltr'>Coronelli</span> <span class='ocrx_word' id='word_1_134' title='bbox 557 1650 939 1703; x_wconf 80' lang='lat' dir='ltr'>historiographus</span> <span class='ocrx_word' id='word_1_135' title='bbox 980 1649 1215 1691; x_wconf 76' lang='lat' dir='ltr'>Veneticus</span> <span class='ocrx_word' id='word_1_136' title='bbox 1259 1650 1313 1691; x_wconf 88' lang='lat' dir='ltr'>de</span> <span class='ocrx_word' id='word_1_137' title='bbox 1346 1663 1427 1691; x_wconf 87' lang='lat' dir='ltr'>usu</span> <span class='ocrx_word' id='word_1_138' title='bbox 1470 1651 1651 1702; x_wconf 80' lang='lat' dir='ltr'>Lgr.nae</span> <span class='ocrx_word' id='word_1_139' title='bbox 1683 1651 1724 1691; x_wconf 87' lang='lat' dir='ltr'>in</span> <span class='ocrx_word' id='word_1_140' title='bbox 1759 1653 1974 1692; x_wconf 82' lang='lat' dir='ltr'>conventu</span> 
     </span>
     <span class='ocr_line' id='line_1_23' title="bbox 161 1707 1635 1762; baseline -0.001 -11"><span class='ocrx_word' id='word_1_141' title='bbox 161 1709 206 1751; x_wconf 88' lang='lat' dir='ltr'>S.</span> <span class='ocrx_word' id='word_1_142' title='bbox 239 1709 504 1752; x_wconf 85' lang='lat' dir='ltr'>Catherinae</span> <span class='ocrx_word' id='word_1_143' title='bbox 537 1709 578 1749; x_wconf 89' lang='lat' dir='ltr'>in</span> <span class='ocrx_word' id='word_1_144' title='bbox 614 1708 944 1762; x_wconf 82' lang='lat' dir='ltr'>Campomartio</span> <span class='ocrx_word' id='word_1_145' title='bbox 978 1708 1100 1756; x_wconf 88' lang='lat' dir='ltr'>Arbi,</span> <span class='ocrx_word' id='word_1_146' title='bbox 1134 1707 1264 1756; x_wconf 80' lang='lat' dir='ltr'>XVII,</span> <span class='ocrx_word' id='word_1_147' title='bbox 1299 1708 1424 1750; x_wconf 65' lang='grc'><strong>2163</strong></span> <span class='ocrx_word' id='word_1_148' title='bbox 1456 1709 1515 1762; x_wconf 84' lang='lat' dir='ltr'>(p.</span> <span class='ocrx_word' id='word_1_149' title='bbox 1550 1707 1635 1761; x_wconf 77' lang='lat'>85).</span> 
     </span>
    </p>
   </div>
   <div class='ocr_carea' id='block_1_16' title="bbox 153 1788 1979 1901">
    <p class='ocr_par' dir='ltr' id='par_1_16' title="bbox 153 1788 1979 1901">
     <span class='ocr_line' id='line_1_24' title="bbox 153 1788 1979 1842; baseline -0.001 -9"><span class='ocrx_word' id='word_1_150' title='bbox 153 1831 156 1833; x_wconf 11' lang='lat' dir='ltr'>A</span> <span class='ocrx_word' id='word_1_151' title='bbox 303 1791 532 1832; x_wconf 85' lang='lat' dir='ltr'>Dandulus</span> <span class='ocrx_word' id='word_1_152' title='bbox 575 1790 765 1831; x_wconf 86' lang='lat' dir='ltr'>Joannes</span> <span class='ocrx_word' id='word_1_153' title='bbox 808 1789 897 1830; x_wconf 79' lang='lat' dir='ltr'>dux</span> <span class='ocrx_word' id='word_1_154' title='bbox 941 1788 1222 1830; x_wconf 83' lang='lat' dir='ltr'>Venetiarum</span> <span class='ocrx_word' id='word_1_155' title='bbox 1255 1790 1310 1831; x_wconf 91' lang='lat' dir='ltr'>de</span> <span class='ocrx_word' id='word_1_156' title='bbox 1356 1803 1437 1830; x_wconf 88' lang='lat' dir='ltr'>usu</span> <span class='ocrx_word' id='word_1_157' title='bbox 1471 1790 1654 1842; x_wconf 84' lang='lat' dir='ltr'>Lgr.nae</span> <span class='ocrx_word' id='word_1_158' title='bbox 1687 1790 1729 1830; x_wconf 91' lang='lat' dir='ltr'>in</span> <span class='ocrx_word' id='word_1_159' title='bbox 1762 1790 1979 1832; x_wconf 76' lang='lat' dir='ltr'>Dalmatia</span> 
     </span>
     <span class='ocr_line' id='line_1_25' title="bbox 162 1846 1189 1901; baseline -0.002 -11"><span class='ocrx_word' id='word_1_160' title='bbox 162 1851 207 1890; x_wconf 89' lang='lat' dir='ltr'>et</span> <span class='ocrx_word' id='word_1_161' title='bbox 239 1849 420 1890; x_wconf 84' lang='lat' dir='ltr'>Croatia</span> <span class='ocrx_word' id='word_1_162' title='bbox 449 1862 473 1890; x_wconf 90' lang='lat' dir='ltr'>a</span> <span class='ocrx_word' id='word_1_163' title='bbox 507 1848 550 1889; x_wconf 88' lang='lat' dir='ltr'>S.</span> <span class='ocrx_word' id='word_1_164' title='bbox 585 1848 744 1901; x_wconf 79' lang='lat' dir='ltr'>Cyrillo</span> <span class='ocrx_word' id='word_1_165' title='bbox 778 1847 973 1900; x_wconf 82' lang='lat' dir='ltr'>inducto,</span> <span class='ocrx_word' id='word_1_166' title='bbox 1006 1846 1117 1896; x_wconf 85' lang='lat' dir='ltr'>XIV,</span> <span class='ocrx_word' id='word_1_167' title='bbox 1150 1849 1189 1889; x_wconf 79' lang='lat'>8.</span> 
     </span>
    </p>
   </div>
   <div class='ocr_carea' id='block_1_17' title="bbox 179 1928 1977 2040">
    <p class='ocr_par' dir='ltr' id='par_1_17' title="bbox 179 1928 1977 2040">
     <span class='ocr_line' id='line_1_26' title="bbox 300 1928 1977 1982; baseline -0.001 -11"><span class='ocrx_word' id='word_1_168' title='bbox 300 1929 423 1971; x_wconf 89' lang='lat' dir='ltr'>Della</span> <span class='ocrx_word' id='word_1_169' title='bbox 457 1929 594 1971; x_wconf 83' lang='lat' dir='ltr'>Croce</span> <span class='ocrx_word' id='word_1_170' title='bbox 626 1928 832 1970; x_wconf 85' lang='lat' dir='ltr'>Irenaeus</span> <span class='ocrx_word' id='word_1_171' title='bbox 856 1929 910 1969; x_wconf 92' lang='lat' dir='ltr'>de</span> <span class='ocrx_word' id='word_1_172' title='bbox 943 1941 1023 1969; x_wconf 88' lang='lat' dir='ltr'>usu</span> <span class='ocrx_word' id='word_1_173' title='bbox 1055 1929 1218 1980; x_wconf 82' lang='lat' dir='ltr'>vigenti</span> <span class='ocrx_word' id='word_1_174' title='bbox 1242 1929 1425 1980; x_wconf 58' lang='lat' dir='ltr'>Lernae</span> <span class='ocrx_word' id='word_1_175' title='bbox 1459 1929 1501 1968; x_wconf 88' lang='lat' dir='ltr'>in</span> <span class='ocrx_word' id='word_1_176' title='bbox 1533 1928 1769 1982; x_wconf 79' lang='lat' dir='ltr'>provinciis</span> <span class='ocrx_word' id='word_1_177' title='bbox 1802 1929 1977 1970; x_wconf 79' lang='lat' dir='ltr'>Dalma-</span> 
     </span>
     <span class='ocr_line' id='line_1_27' title="bbox 179 1985 1623 2040; baseline -0.002 -11"><span class='ocrx_word' id='word_1_178' title='bbox 179 1988 248 2029; x_wconf 87' lang='lat' dir='ltr'>iae</span> <span class='ocrx_word' id='word_1_179' title='bbox 280 1990 322 2029; x_wconf 91' lang='lat' dir='ltr'>et</span> <span class='ocrx_word' id='word_1_180' title='bbox 353 1988 516 2036; x_wconf 85' lang='lat' dir='ltr'>Istriae,</span> <span class='ocrx_word' id='word_1_181' title='bbox 549 2000 629 2028; x_wconf 84' lang='lat' dir='ltr'>nec</span> <span class='ocrx_word' id='word_1_182' title='bbox 661 2000 750 2028; x_wconf 88' lang='lat' dir='ltr'>non</span> <span class='ocrx_word' id='word_1_183' title='bbox 782 1987 1060 2040; x_wconf 84' lang='lat' dir='ltr'>Justinopoli,</span> <span class='ocrx_word' id='word_1_184' title='bbox 1094 1985 1232 2036; x_wconf 81' lang='lat' dir='ltr'>XVII,</span> <span class='ocrx_word' id='word_1_185' title='bbox 1265 1987 1366 2034; x_wconf 66' lang='lat'>2423</span> <span class='ocrx_word' id='word_1_186' title='bbox 1400 1985 1522 2036; x_wconf 82' lang='lat' dir='ltr'>XIX,</span> <span class='ocrx_word' id='word_1_187' title='bbox 1557 1987 1623 2028; x_wconf 84' lang='lat'>33</span> 
     </span>
    </p>
   </div>
   <div class='ocr_carea' id='block_1_18' title="bbox 169 2056 1976 2164">
    <p class='ocr_par' dir='ltr' id='par_1_18' title="bbox 169 2056 1976 2164">
     <span class='ocr_line' id='line_1_28' title="bbox 300 2056 1976 2155; baseline -0.001 -57"><span class='ocrx_word' id='word_1_188' title='bbox 300 2057 722 2155; x_wconf 74' lang='lat' dir='ltr'>DeIMashanaglass</span> <span class='ocrx_word' id='word_1_189' title='bbox 755 2057 809 2097; x_wconf 93' lang='lat' dir='ltr'>de</span> <span class='ocrx_word' id='word_1_190' title='bbox 840 2056 1023 2109; x_wconf 82' lang='lat' dir='ltr'>Lgr.nae</span> <span class='ocrx_word' id='word_1_191' title='bbox 1054 2056 1099 2097; x_wconf 84' lang='lat' dir='ltr'>in</span> <span class='ocrx_word' id='word_1_192' title='bbox 1130 2056 1357 2110; x_wconf 83' lang='lat' dir='ltr'>provincia</span> <span class='ocrx_word' id='word_1_193' title='bbox 1389 2056 1667 2098; x_wconf 81' lang='lat' dir='ltr'>Antibarensi</span> <span class='ocrx_word' id='word_1_194' title='bbox 1702 2056 1976 2109; x_wconf 76' lang='lat' dir='ltr'>respristina-</span> 
     </span>
     <span class='ocr_line' id='line_1_29' title="bbox 169 2115 551 2164; baseline -0.003 -8"><span class='ocrx_word' id='word_1_195' title='bbox 169 2115 302 2164; x_wconf 87' lang='lat' dir='ltr'>tione,</span> <span class='ocrx_word' id='word_1_196' title='bbox 335 2115 371 2155; x_wconf 90' lang='lat' dir='ltr'>X</span> <span class='ocrx_word' id='word_1_197' title='bbox 397 2115 449 2163; x_wconf 89' lang='lat' dir='ltr'>X,</span> <span class='ocrx_word' id='word_1_198' title='bbox 482 2115 551 2158; x_wconf 78' lang='lat'>99.</span> 
     </span>
    </p>
   </div>
   <div class='ocr_carea' id='block_1_19' title="bbox 163 2183 1974 2293">
    <p class='ocr_par' dir='ltr' id='par_1_19' title="bbox 163 2183 1974 2293">
     <span class='ocr_line' id='line_1_30' title="bbox 260 2183 1974 2284; baseline -0.001 -59"><span class='ocrx_word' id='word_1_199' title='bbox 260 2184 364 2284; x_wconf 89' lang='lat' dir='ltr'>IDe</span> <span class='ocrx_word' id='word_1_200' title='bbox 395 2184 537 2226; x_wconf 86' lang='lat' dir='ltr'>Ponte</span> <span class='ocrx_word' id='word_1_201' title='bbox 566 2184 766 2226; x_wconf 84' lang='lat' dir='ltr'>Valerius</span> <span class='ocrx_word' id='word_1_202' title='bbox 796 2184 850 2225; x_wconf 90' lang='lat' dir='ltr'>de</span> <span class='ocrx_word' id='word_1_203' title='bbox 883 2197 963 2225; x_wconf 89' lang='lat' dir='ltr'>usu</span> <span class='ocrx_word' id='word_1_204' title='bbox 998 2184 1222 2225; x_wconf 80' lang='lat' dir='ltr'>communi</span> <span class='ocrx_word' id='word_1_205' title='bbox 1256 2184 1439 2236; x_wconf 80' lang='lat' dir='ltr'>Lgr.nae</span> <span class='ocrx_word' id='word_1_206' title='bbox 1463 2184 1504 2224; x_wconf 85' lang='lat' dir='ltr'>in</span> <span class='ocrx_word' id='word_1_207' title='bbox 1540 2183 1736 2225; x_wconf 80' lang='lat' dir='ltr'>Jadrensi</span> <span class='ocrx_word' id='word_1_208' title='bbox 1770 2183 1974 2232; x_wconf 81' lang='lat' dir='ltr'>dioecesi,</span> 
     </span>
     <span class='ocr_line' id='line_1_31' title="bbox 163 2242 814 2293; baseline -0.002 -9"><span class='ocrx_word' id='word_1_209' title='bbox 163 2242 258 2284; x_wconf 91' lang='lat' dir='ltr'>XVI</span> <span class='ocrx_word' id='word_1_210' title='bbox 285 2275 293 2293; x_wconf 91' lang='lat'><strong>‚</strong></span> <span class='ocrx_word' id='word_1_211' title='bbox 330 2242 424 2283; x_wconf 77' lang='lat'>143.</span> <span class='ocrx_word' id='word_1_212' title='bbox 811 2263 814 2264; x_wconf 40' lang='lat'><em>⁷</em></span> 
     </span>
    </p>
   </div>
   <div class='ocr_carea' id='block_1_20' title="bbox 163 2310 1977 2421">
    <p class='ocr_par' dir='ltr' id='par_1_20' title="bbox 163 2310 1977 2421">
     <span class='ocr_line' id='line_1_32' title="bbox 301 2310 1977 2364; baseline -0.001 -12"><span class='ocrx_word' id='word_1_213' title='bbox 301 2312 365 2352; x_wconf 88' lang='lat' dir='ltr'>De</span> <span class='ocrx_word' id='word_1_214' title='bbox 395 2311 607 2352; x_wconf 79' lang='lat' dir='ltr'>Thwrocz</span> <span class='ocrx_word' id='word_1_215' title='bbox 650 2311 705 2352; x_wconf 92' lang='lat' dir='ltr'>M.</span> <span class='ocrx_word' id='word_1_216' title='bbox 749 2311 938 2352; x_wconf 85' lang='lat' dir='ltr'>Joannes</span> <span class='ocrx_word' id='word_1_217' title='bbox 980 2311 1034 2352; x_wconf 89' lang='lat' dir='ltr'>de</span> <span class='ocrx_word' id='word_1_218' title='bbox 1074 2311 1399 2352; x_wconf 84' lang='lat' dir='ltr'>introductione</span> <span class='ocrx_word' id='word_1_219' title='bbox 1441 2311 1622 2364; x_wconf 70' lang='lat' dir='ltr'>Lgrnae</span> <span class='ocrx_word' id='word_1_220' title='bbox 1670 2311 1787 2363; x_wconf 83' lang='lat' dir='ltr'>apud</span> <span class='ocrx_word' id='word_1_221' title='bbox 1823 2310 1977 2352; x_wconf 71' lang='lat' dir='ltr'>Slavos</span> 
     </span>
     <span class='ocr_line' id='line_1_33' title="bbox 163 2368 1476 2421; baseline -0.001 -11"><span class='ocrx_word' id='word_1_222' title='bbox 163 2369 387 2411; x_wconf 84' lang='lat' dir='ltr'>districtus</span> <span class='ocrx_word' id='word_1_223' title='bbox 418 2369 597 2421; x_wconf 87' lang='lat' dir='ltr'>Lipnae‚</span> <span class='ocrx_word' id='word_1_224' title='bbox 631 2368 919 2410; x_wconf 86' lang='lat' dir='ltr'>Cenadiensis</span> <span class='ocrx_word' id='word_1_225' title='bbox 952 2369 1232 2417; x_wconf 80' lang='lat' dir='ltr'>dioeceseos;</span> <span class='ocrx_word' id='word_1_226' title='bbox 1266 2368 1375 2419; x_wconf 91' lang='lat' dir='ltr'>XIV,</span> <span class='ocrx_word' id='word_1_227' title='bbox 1414 2370 1476 2410; x_wconf 85' lang='lat'>10.</span> 
     </span>
    </p>
   </div>
   <div class='ocr_carea' id='block_1_21' title="bbox 163 2437 1976 2546">
    <p class='ocr_par' dir='ltr' id='par_1_21' title="bbox 163 2437 1976 2546">
     <span class='ocr_line' id='line_1_34' title="bbox 301 2437 1976 2491; baseline -0.001 -13"><span class='ocrx_word' id='word_1_228' title='bbox 301 2437 559 2491; x_wconf 83' lang='lat' dir='ltr'>Dlugossius</span> <span class='ocrx_word' id='word_1_229' title='bbox 592 2451 669 2479; x_wconf 88' lang='lat' dir='ltr'>seu</span> <span class='ocrx_word' id='word_1_230' title='bbox 701 2438 925 2490; x_wconf 79' lang='lat' dir='ltr'>Longinus</span> <span class='ocrx_word' id='word_1_231' title='bbox 959 2438 1261 2479; x_wconf 81' lang='lat' dir='ltr'>Craeoviensis</span> <span class='ocrx_word' id='word_1_232' title='bbox 1285 2439 1339 2479; x_wconf 88' lang='lat' dir='ltr'>de</span> <span class='ocrx_word' id='word_1_233' title='bbox 1362 2438 1541 2491; x_wconf 78' lang='lat' dir='ltr'>Lgrnae</span> <span class='ocrx_word' id='word_1_234' title='bbox 1567 2437 1827 2490; x_wconf 84' lang='lat' dir='ltr'>Clepardiae</span> <span class='ocrx_word' id='word_1_235' title='bbox 1859 2437 1976 2490; x_wconf 85' lang='lat' dir='ltr'>apud</span> 
     </span>
     <span class='ocr_line' id='line_1_35' title="bbox 163 2495 1032 2546; baseline 0 -9"><span class='ocrx_word' id='word_1_236' title='bbox 163 2496 415 2538; x_wconf 83' lang='lat' dir='ltr'>Varsaviam</span> <span class='ocrx_word' id='word_1_237' title='bbox 448 2496 789 2546; x_wconf 83' lang='lat' dir='ltr'>introductione,</span> <span class='ocrx_word' id='word_1_238' title='bbox 822 2495 931 2546; x_wconf 87' lang='lat' dir='ltr'>XIV,</span> <span class='ocrx_word' id='word_1_239' title='bbox 965 2495 1032 2537; x_wconf 69' lang='lat'>22.</span> 
     </span>
    </p>
   </div>
   <div class='ocr_carea' id='block_1_22' title="bbox 159 2575 2031 3226">
    <p class='ocr_par' dir='ltr' id='par_1_22' title="bbox 159 2575 2031 3034">
     <span class='ocr_line' id='line_1_36' title="bbox 301 2575 1973 2629; baseline -0.002 -11"><span class='ocrx_word' id='word_1_240' title='bbox 301 2576 463 2618; x_wconf 77' lang='lat' dir='ltr'>Farlati</span> <span class='ocrx_word' id='word_1_241' title='bbox 495 2577 647 2618; x_wconf 78' lang='lat' dir='ltr'>Daniel</span> <span class='ocrx_word' id='word_1_242' title='bbox 682 2576 723 2618; x_wconf 82' lang='lat' dir='ltr'>S.</span> <span class='ocrx_word' id='word_1_243' title='bbox 755 2577 789 2618; x_wconf 85' lang='lat' dir='ltr'>J.</span> <span class='ocrx_word' id='word_1_244' title='bbox 825 2577 879 2617; x_wconf 90' lang='lat' dir='ltr'>de</span> <span class='ocrx_word' id='word_1_245' title='bbox 912 2576 1095 2629; x_wconf 81' lang='lat' dir='ltr'>Lgr.nae</span> <span class='ocrx_word' id='word_1_246' title='bbox 1127 2590 1209 2617; x_wconf 87' lang='lat' dir='ltr'>usu</span> <span class='ocrx_word' id='word_1_247' title='bbox 1241 2577 1404 2628; x_wconf 80' lang='lat' dir='ltr'>vigenti</span> <span class='ocrx_word' id='word_1_248' title='bbox 1453 2578 1493 2617; x_wconf 85' lang='lat' dir='ltr'>et</span> <span class='ocrx_word' id='word_1_249' title='bbox 1525 2578 1680 2617; x_wconf 82' lang='lat' dir='ltr'>natura</span> <span class='ocrx_word' id='word_1_250' title='bbox 1715 2575 1898 2615; x_wconf 68' lang='lat' dir='ltr'>iuridica</span> <span class='ocrx_word' id='word_1_251' title='bbox 1934 2575 1973 2614; x_wconf 82' lang='lat' dir='ltr'>in</span> 
     </span>
     <span class='ocr_line' id='line_1_37' title="bbox 160 2632 2031 2688; baseline -0.001 -14"><span class='ocrx_word' id='word_1_252' title='bbox 160 2634 388 2688; x_wconf 78' lang='lat' dir='ltr'>provincia</span> <span class='ocrx_word' id='word_1_253' title='bbox 429 2635 691 2688; x_wconf 81' lang='lat' dir='ltr'>spalatensi,</span> <span class='ocrx_word' id='word_1_254' title='bbox 734 2633 887 2683; x_wconf 84' lang='lat' dir='ltr'>XVIII,</span> <span class='ocrx_word' id='word_1_255' title='bbox 921 2635 999 2683; x_wconf 77' lang='lat'>853</span> <span class='ocrx_word' id='word_1_256' title='bbox 1043 2634 1086 2674; x_wconf 86' lang='lat' dir='ltr'>in</span> <span class='ocrx_word' id='word_1_257' title='bbox 1129 2635 1319 2676; x_wconf 81' lang='lat' dir='ltr'>dioecesi</span> <span class='ocrx_word' id='word_1_258' title='bbox 1369 2634 1614 2687; x_wconf 81' lang='lat' dir='ltr'>Spalateusi</span> <span class='ocrx_word' id='word_1_259' title='bbox 1659 2635 1699 2673; x_wconf 86' lang='lat' dir='ltr'>et</span> <span class='ocrx_word' id='word_1_260' title='bbox 1748 2632 1973 2685; x_wconf 69' lang='lat' dir='ltr'>provincia</span> <span class='ocrx_word' id='word_1_261' title='bbox 2028 2649 2031 2654; x_wconf 94' lang='lat'>·</span> 
     </span>
     <span class='ocr_line' id='line_1_38' title="bbox 161 2690 1972 2744; baseline -0.002 -12"><span class='ocrx_word' id='word_1_262' title='bbox 161 2692 332 2740; x_wconf 88' lang='lat' dir='ltr'>Politia,</span> <span class='ocrx_word' id='word_1_263' title='bbox 379 2692 437 2734; x_wconf 86' lang='lat' dir='ltr'>ib.</span> <span class='ocrx_word' id='word_1_264' title='bbox 470 2692 548 2740; x_wconf 80' lang='lat'>863</span> <span class='ocrx_word' id='word_1_265' title='bbox 597 2694 639 2733; x_wconf 89' lang='lat' dir='ltr'>in</span> <span class='ocrx_word' id='word_1_266' title='bbox 687 2692 964 2733; x_wconf 77' lang='lat' dir='ltr'>dioecesibus</span> <span class='ocrx_word' id='word_1_267' title='bbox 1012 2691 1219 2740; x_wconf 86' lang='lat' dir='ltr'>Noneusi,</span> <span class='ocrx_word' id='word_1_268' title='bbox 1264 2691 1792 2744; x_wconf 73' lang='lat' dir='ltr'>Segnen.-Modrusceusi,</span> <span class='ocrx_word' id='word_1_269' title='bbox 1846 2690 1972 2730; x_wconf 76' lang='lat' dir='ltr'>Scar-</span> 
     </span>
     <span class='ocr_line' id='line_1_39' title="bbox 162 2748 1973 2803; baseline -0.002 -13"><span class='ocrx_word' id='word_1_270' title='bbox 162 2749 348 2791; x_wconf 87' lang='lat' dir='ltr'>donensi</span> <span class='ocrx_word' id='word_1_271' title='bbox 390 2752 431 2790; x_wconf 92' lang='lat' dir='ltr'>et</span> <span class='ocrx_word' id='word_1_272' title='bbox 476 2750 521 2790; x_wconf 89' lang='lat' dir='ltr'>in</span> <span class='ocrx_word' id='word_1_273' title='bbox 567 2750 795 2803; x_wconf 80' lang='lat' dir='ltr'>provincia</span> <span class='ocrx_word' id='word_1_274' title='bbox 841 2750 1014 2790; x_wconf 84' lang='lat' dir='ltr'>Bosnae</span> <span class='ocrx_word' id='word_1_275' title='bbox 1055 2750 1337 2801; x_wconf 76' lang='lat' dir='ltr'>Argentiuae,</span> <span class='ocrx_word' id='word_1_276' title='bbox 1385 2750 1442 2789; x_wconf 83' lang='grc'><strong>11).</strong></span> <span class='ocrx_word' id='word_1_277' title='bbox 1491 2750 1566 2788; x_wconf 72' lang='lat' dir='ltr'>Ol:</span> <span class='ocrx_word' id='word_1_278' title='bbox 1612 2749 1653 2788; x_wconf 90' lang='lat' dir='ltr'>in</span> <span class='ocrx_word' id='word_1_279' title='bbox 1697 2748 1973 2788; x_wconf 62' lang='lat' dir='ltr'>dioecesibus</span> 
     </span>
     <span class='ocr_line' id='line_1_40' title="bbox 159 2804 1971 2860; baseline -0.003 -12"><span class='ocrx_word' id='word_1_280' title='bbox 159 2807 401 2848; x_wconf 77' lang='lat' dir='ltr'>Absorensi</span> <span class='ocrx_word' id='word_1_281' title='bbox 448 2809 490 2848; x_wconf 88' lang='lat' dir='ltr'>et</span> <span class='ocrx_word' id='word_1_282' title='bbox 535 2807 749 2860; x_wconf 84' lang='lat' dir='ltr'>Veglensi,</span> <span class='ocrx_word' id='word_1_283' title='bbox 792 2807 848 2847; x_wconf 87' lang='lat' dir='ltr'>ib.</span> <span class='ocrx_word' id='word_1_284' title='bbox 892 2808 966 2855; x_wconf 60' lang='lat'>9&amp;</span> <span class='ocrx_word' id='word_1_285' title='bbox 1014 2808 1057 2847; x_wconf 85' lang='lat' dir='ltr'>in</span> <span class='ocrx_word' id='word_1_286' title='bbox 1100 2807 1291 2847; x_wconf 63' lang='lat' dir='ltr'>dioecesi</span> <span class='ocrx_word' id='word_1_287' title='bbox 1335 2809 1377 2847; x_wconf 87' lang='lat' dir='ltr'>et</span> <span class='ocrx_word' id='word_1_288' title='bbox 1419 2807 1592 2846; x_wconf 77' lang='lat' dir='ltr'>civitate</span> <span class='ocrx_word' id='word_1_289' title='bbox 1635 2805 1869 2855; x_wconf 74' lang='lat' dir='ltr'>Hagusina,</span> <span class='ocrx_word' id='word_1_290' title='bbox 1919 2804 1971 2843; x_wconf 76' lang='lat' dir='ltr'>il).</span> 
     </span>
     <span class='ocr_line' id='line_1_41' title="bbox 164 2861 1970 2918; baseline -0.002 -13"><span class='ocrx_word' id='word_1_291' title='bbox 164 2865 266 2910; x_wconf 68' lang='lat'>125:</span> <span class='ocrx_word' id='word_1_292' title='bbox 310 2865 352 2905; x_wconf 89' lang='lat' dir='ltr'>in</span> <span class='ocrx_word' id='word_1_293' title='bbox 392 2865 619 2918; x_wconf 77' lang='lat' dir='ltr'>provincia</span> <span class='ocrx_word' id='word_1_294' title='bbox 661 2864 1036 2906; x_wconf 80' lang='lat' dir='ltr'>Istro-dalmatica</span> <span class='ocrx_word' id='word_1_295' title='bbox 1078 2863 1136 2904; x_wconf 88' lang='lat' dir='ltr'>III</span> <span class='ocrx_word' id='word_1_296' title='bbox 1181 2864 1230 2904; x_wconf 86' lang='lat' dir='ltr'>O.</span> <span class='ocrx_word' id='word_1_297' title='bbox 1275 2864 1318 2904; x_wconf 84' lang='lat' dir='ltr'>S.</span> <span class='ocrx_word' id='word_1_298' title='bbox 1362 2864 1429 2904; x_wconf 81' lang='lat' dir='ltr'>Fr.</span> <span class='ocrx_word' id='word_1_299' title='bbox 1464 2864 1518 2903; x_wconf 85' lang='lat' dir='ltr'>de</span> <span class='ocrx_word' id='word_1_300' title='bbox 1562 2862 1850 2903; x_wconf 61' lang='lat' dir='ltr'>Poenitoentiu,</span> <span class='ocrx_word' id='word_1_301' title='bbox 1885 2861 1970 2901; x_wconf 74' lang='lat' dir='ltr'>XV.</span> 
     </span>
     <span class='ocr_line' id='line_1_42' title="bbox 162 2917 1971 2976; baseline -0.004 -13"><span class='ocrx_word' id='word_1_302' title='bbox 162 2923 229 2963; x_wconf 84' lang='grc'>76.</span> <span class='ocrx_word' id='word_1_303' title='bbox 260 2920 383 2963; x_wconf 85' lang='lat' dir='ltr'>Idem</span> <span class='ocrx_word' id='word_1_304' title='bbox 416 2922 471 2962; x_wconf 88' lang='lat' dir='ltr'>de</span> <span class='ocrx_word' id='word_1_305' title='bbox 503 2922 747 2964; x_wconf 86' lang='lat' dir='ltr'>Seminario</span> <span class='ocrx_word' id='word_1_306' title='bbox 771 2922 937 2976; x_wconf 82' lang='lat' dir='ltr'>Illyrico</span> <span class='ocrx_word' id='word_1_307' title='bbox 971 2922 1221 2962; x_wconf 80' lang='lat' dir='ltr'>Almissano</span> <span class='ocrx_word' id='word_1_308' title='bbox 1246 2921 1516 2973; x_wconf 57' lang='lat' dir='ltr'>spalatensis·</span> <span class='ocrx_word' id='word_1_309' title='bbox 1540 2920 1805 2963; x_wconf 74' lang='lat' dir='ltr'>dioeceseos,</span> <span class='ocrx_word' id='word_1_310' title='bbox 1826 2917 1971 2962; x_wconf 74' lang='lat' dir='ltr'>XVIII,</span> 
     </span>
     <span class='ocr_line' id='line_1_43' title="bbox 163 2979 470 3034; baseline -0.003 -13"><span class='ocrx_word' id='word_1_311' title='bbox 163 2980 259 3021; x_wconf 82' lang='grc'>753</span> <span class='ocrx_word' id='word_1_312' title='bbox 292 2979 351 3034; x_wconf 88' lang='lat' dir='ltr'>(p.</span> <span class='ocrx_word' id='word_1_313' title='bbox 385 2979 470 3033; x_wconf 88' lang='grc'>77).</span> 
     </span>
    </p>

    <p class='ocr_par' dir='ltr' id='par_1_23' title="bbox 163 3043 1968 3154">
     <span class='ocr_line' id='line_1_44' title="bbox 300 3043 1968 3101; baseline -0.005 -12"><span class='ocrx_word' id='word_1_314' title='bbox 300 3048 456 3089; x_wconf 83' lang='lat' dir='ltr'>Franki</span> <span class='ocrx_word' id='word_1_315' title='bbox 499 3047 721 3101; x_wconf 83' lang='lat' dir='ltr'>professor</span> <span class='ocrx_word' id='word_1_316' title='bbox 762 3049 983 3090; x_wconf 83' lang='lat' dir='ltr'>Jadrensis</span> <span class='ocrx_word' id='word_1_317' title='bbox 1026 3048 1080 3088; x_wconf 80' lang='lat' dir='ltr'>de</span> <span class='ocrx_word' id='word_1_318' title='bbox 1122 3047 1268 3088; x_wconf 85' lang='lat' dir='ltr'>studio</span> <span class='ocrx_word' id='word_1_319' title='bbox 1318 3047 1490 3098; x_wconf 76' lang='lat' dir='ltr'>liuguae</span> <span class='ocrx_word' id='word_1_320' title='bbox 1538 3044 1881 3097; x_wconf 69' lang='lat' dir='ltr'>palaeoslavicae</span> <span class='ocrx_word' id='word_1_321' title='bbox 1932 3043 1968 3082; x_wconf 79' lang='lat' dir='ltr'>ili</span> 
     </span>
     <span class='ocr_line' id='line_1_45' title="bbox 163 3104 1131 3154; baseline -0.004 -6"><span class='ocrx_word' id='word_1_322' title='bbox 163 3105 409 3148; x_wconf 83' lang='lat' dir='ltr'>Seminario</span> <span class='ocrx_word' id='word_1_323' title='bbox 445 3106 636 3147; x_wconf 86' lang='lat' dir='ltr'>Centrali</span> <span class='ocrx_word' id='word_1_324' title='bbox 669 3106 881 3154; x_wconf 83' lang='lat' dir='ltr'>Jadrensi,</span> <span class='ocrx_word' id='word_1_325' title='bbox 915 3104 1030 3152; x_wconf 85' lang='lat' dir='ltr'>XIX,</span> <span class='ocrx_word' id='word_1_326' title='bbox 1066 3106 1131 3145; x_wconf 70' lang='lat'>70.</span> 
     </span>
    </p>

    <p class='ocr_par' dir='ltr' id='par_1_24' title="bbox 299 3170 1969 3226">
     <span class='ocr_line' id='line_1_46' title="bbox 299 3170 1969 3226; baseline -0.005 -10"><span class='ocrx_word' id='word_1_327' title='bbox 299 3174 447 3216; x_wconf 85' lang='lat' dir='ltr'>Ginzel</span> <span class='ocrx_word' id='word_1_328' title='bbox 481 3174 535 3215; x_wconf 90' lang='lat' dir='ltr'>de</span> <span class='ocrx_word' id='word_1_329' title='bbox 567 3175 759 3216; x_wconf 83' lang='lat' dir='ltr'>eeclesiis</span> <span class='ocrx_word' id='word_1_330' title='bbox 792 3175 947 3226; x_wconf 80' lang='lat' dir='ltr'>Lgr.na</span> <span class='ocrx_word' id='word_1_331' title='bbox 982 3175 1023 3214; x_wconf 84' lang='lat' dir='ltr'>in</span> <span class='ocrx_word' id='word_1_332' title='bbox 1052 3173 1178 3214; x_wconf 78' lang='lat' dir='ltr'>Isti-ia</span> <span class='ocrx_word' id='word_1_333' title='bbox 1212 3175 1253 3213; x_wconf 84' lang='lat' dir='ltr'>et</span> <span class='ocrx_word' id='word_1_334' title='bbox 1271 3171 1487 3214; x_wconf 75' lang='lat' dir='ltr'>Dalmatia</span> <span class='ocrx_word' id='word_1_335' title='bbox 1511 3171 1748 3218; x_wconf 69' lang='lat' dir='ltr'>utentibus,</span> <span class='ocrx_word' id='word_1_336' title='bbox 1774 3170 1882 3216; x_wconf 76' lang='lat' dir='ltr'>xlx,</span> <span class='ocrx_word' id='word_1_337' title='bbox 1901 3171 1969 3208; x_wconf 68' lang='grc'><strong>511.</strong></span> 
     </span>
    </p>
   </div>
  </div>
 </body>
</html>
