2243 3444
375 157 420 187 12
1066 147 1252 182 Fontes
1289 143 1531 188 liturgiae

730 297 796 333 16.
831 292 957 333 XIII.
990 290 1155 331 saeculo
1187 293 1373 332 exeunte,
1406 285 1629 326 Preddvor
1658 284 1890 337 Aquilam.

518 391 778 430 Breviarium
813 387 1134 440 Glagoliticum‚
1169 385 1289 423 cuius
1323 383 1563 434 fragmenta
1595 380 1828 420 Lectiones
1860 368 2010 420 Feriae
2041 378 2203 419 IL—V.

380 462 484 502 infra
517 461 792 501 Dominicam
843 458 1058 497 Passionis
1110 455 1272 506 Proprii
1324 453 1379 492 de
1429 459 1629 502 tempore
1680 452 1956 498 continentia,
1988 448 2206 502 parochus

382 533 634 572 Laurentius
666 530 807 569 Pintar
838 527 879 581 (ἢ
920 523 1057 578 1874.)
1092 527 1132 564 in
1165 524 1352 564 archivio
1374 522 1606 574 parochiali
1630 521 1852 561 Preddvor
1870 523 1910 561 h.
1942 521 2206 561 Labacensis

383 605 638 643 dioeceseos
670 600 899 646 adinvenit,
932 597 1227 636 conscribitur.

523 681 748 715 Bibliotheca
775 678 944 724 Lycealis
971 676 1207 713 Labacensis.
1235 675 1276 709 N.
1305 676 1336 708 6.
1364 679 1401 708 et
1429 677 1460 708 7.

1033 842 1094 884 17.
1127 829 1255 883 XIII.
1287 843 1318 870 s.
1353 828 1586 881 Aquilejen.

529 931 829 970 Homiliarium
865 928 1128 974 Labacense,
1161 927 1282 965 cuius
1315 925 1605 977 fragmentum
1640 925 1680 962 in
1711 923 1892 963 Musaeo
1925 923 2210 975 Rudolphino

388 1003 624 1042 Labacensi
658 1006 908 1048 asservatur,
940 998 1235 1037 conscribitur.

526 1083 567 1116 I..
595 1081 744 1119 Geitler,
772 1080 840 1113 Die
866 1078 1073 1112 slavischen
1100 1077 1176 1110 und
1197 1076 1477 1110 albanesischen
1500 1075 1697 1116 Schriften,
1727 1075 1975 1110 Vindobonae
1997 1078 2110 1116 1863„
2132 1077 2212 1109 188.

858 1235 924 1274 18.
957 1232 1087 1273 XIII.
1118 1232 1288 1272 saeculo
1319 1237 1508 1278 exeunte,
1540 1229 1773 1283 Aquilejen.

529 1331 700 1371 Missale
734 1330 1043 1383 Glagoliticum
1097 1330 1136 1367 in
1187 1328 1311 1367 Folio
1347 1339 1520 1380 magno,
1570 1328 1691 1366 cuius
1744 1326 2035 1379 fragmentum
2070 1326 2213 1366 Ritum

392 1402 544 1455 Aquae
578 1400 923 1441 sconsecrandae
958 1412 1008 1439 ac
1041 1399 1247 1451 Baptismi
1282 1400 1522 1446 continens,
1561 1398 1854 1437 characterum
1890 1397 2028 1436 forma
2063 1396 2214 1436 Homi-

392 1475 507 1512 liario
542 1473 776 1512 Labacensi
800 1470 900 1524 (Cfr.
923 1471 974 1510 N.
1010 1468 1090 1521 17.)
1125 1469 1248 1509 valde
1281 1469 1419 1514 simili,
1453 1471 1493 1508 in
1515 1469 1689 1508 archivo
1718 1469 1956 1520 episcopali
1977 1467 2217 1507 Labacensi

391 1551 639 1592 asservatur,
672 1544 968 1581 conscribitur.

533 1624 745 1657 Archivium
774 1621 989 1666 episcopale
1019 1622 1248 1662 Labacense,
1277 1621 1317 1655 N.
1345 1621 1370 1655 I.

947 1790 996 1828 19
1043 1776 1171 1816 XIII.
1204 1790 1235 1815 s.
1270 1775 1313 1816 in
1345 1775 1490 1816 Monte
1521 1775 1664 1815 Albos.

533 1872 725 1912 Tabulae
759 1872 1159 1913 Graeco-Moschae
1199 1885 1275 1911 seu
1309 1870 1617 1923 Capponianae
1656 1872 1737 1911 sub
1777 1871 1847 1911 die
1891 1871 1954 1909 14.
1987 1869 2221 1917 Februarii,

397 1945 626 1995 imaginem
676 1942 717 1983 S.
751 1942 894 1993 Cyrilli
929 1956 1028 1982 cum
1064 1943 1131 1982 illa
1164 1942 1206 1982 S.
1242 1941 1450 1982 Auxentii
1503 1943 1663 1994 pictam
1716 1943 1942 1993 praebent;
1974 1940 2222 1992 probabilli-

398 2027 468 2053 me
502 2015 541 2052 in
575 2013 722 2052 Monte
755 2012 896 2052 Athos
929 2013 1043 2053 XIII.
1078 2026 1108 2053 s.
1143 2013 1354 2064 depictae.
2072 2009 2081 2014 “

538 2094 744 2133 Assemani,
772 2093 850 2128 Kal.
880 2093 980 2127 Eccl.
1008 2094 1117 2127 Univ.
1145 2094 1290 2127 Romae
1317 2097 1419 2127 1750.
1445 2093 1487 2127 T.
1515 2093 1541 2127 Ι.
1568 2095 1598 2127 5.
1626 2104 1675 2128 ss,
1701 2093 1862 2127 Tabulas
1885 2091 2225 2127 Graeco-Moschas

399 2140 529 2173 Petrus
554 2141 579 2173 Ι.
603 2140 757 2173 Russiae
784 2140 989 2182 imperator
1015 2140 1161 2175 Graeco
1188 2141 1400 2174 Hierasimo
1427 2141 1557 2174 Fokae
1583 2141 1685 2174 dono
1701 2140 1873 2177 dederat:
1900 2139 1968 2173 sed
1983 2148 2103 2182 nepos
2116 2138 2225 2172 huius

400 2197 467 2230 pro
496 2190 562 2220 300
590 2188 710 2220 aureis
737 2188 927 2221 marchion
953 2187 1122 2231 Capponi
1151 2188 1322 2221 Romano
1349 2188 1604 2222 venumdedit.

862 2354 926 2381 20.
960 2342 1087 2383 XIII.
1120 2356 1151 2383 5.
1184 2342 1301 2395 apud
1331 2342 1486 2383 Slavos
1524 2341 1773 2383 orientales.

543 2435 691 2476 Cultus
725 2434 801 2476 SS.
835 2435 978 2487 Cyrilli
1014 2444 1055 2476 et
1087 2438 1297 2477 Methodii
1332 2439 1578 2477 communis
1629 2445 1694 2477 est
1743 2439 1871 2477 etiam
1904 2436 2022 2488 apud
2073 2434 2228 2477 Slavos

403 2506 659 2555 Orientales‚
692 2508 810 2546 iuxta
842 2507 1053 2560 Regulam
1087 2510 1357 2560 originariam
1392 2507 1888 2548 Romano-Studiticam.
1934 2507 2016 2547 Die
2051 2508 2116 2547 14.
2147 2506 2229 2547 Fe-

404 2578 556 2616 bruarii
591 2578 629 2615 in
664 2576 821 2617 Officio
856 2577 1032 2628 Proprio
1066 2576 1107 2619 S.
1143 2577 1299 2629 Cyrilli‚
1332 2580 1446 2619 nulla
1480 2581 1643 2619 mentio
1695 2578 1741 2619 fit
1773 2579 1829 2618 de
1860 2577 2108 2628 Methodio;
2157 2577 2230 2617 die

406 2660 506 2686 vcro
539 2648 577 2686 6.
610 2646 769 2698 Aprilis
803 2649 842 2686 in
877 2647 1035 2688 Officio
1071 2649 1247 2700 Proprio
1281 2650 1504 2699 Methodii,
1537 2651 1699 2690 mentio
1733 2650 1779 2689 fit
1811 2651 1939 2689 etiam
1973 2649 2030 2689 de
2061 2647 2104 2690 S.
2147 2647 2232 2700 Cy-

406 2719 511 2765 rillo,
533 2718 744 2769 huiusque
767 2719 1031 2758 canonizatio
1054 2727 1094 2758 et
1117 2720 1256 2759 cultus
1276 2722 1525 2772 antquiores
1557 2719 2007 2772 praesuponuntur.1n
2039 2718 2232 2760 Menaeis

405 2788 638 2839 aliquando
670 2789 800 2827 ambo
835 2788 981 2828 fratres
1020 2791 1080 2828 11.
1114 2789 1213 2843 Maji
1248 2791 1535 2841 celebrantur3
1557 2799 1598 2830 et
1618 2791 1735 2842 apud
1758 2789 1922 2831 Serbes
1942 2789 2010 2830 25.
2032 2788 2232 2842 Augusti,

548 2869 589 2901 A.
617 2867 658 2900 N.
685 2867 830 2905 Petrovv
871 2859 1119 2902 Cestvovanie
1163 2880 1214 2902 sv.
1243 2869 1468 2913 slavjanskih
1513 2871 1712 2914 apostolov
1757 2869 1884 2904 Kirilla
1927 2868 2173 2913 iMethodiJa
2209 2879 2233 2902 v

412 2915 702 2958 drevnerusskoj
749 2915 874 2948 cerkvi
896 2916 960 2957 (po
987 2915 1190 2949 sluibenim
1218 2918 1416 2960 minejama
1452 2917 1461 2950 i
1489 2916 1818 2962 mjcsecoslovjam
1861 2917 1912 2951 do
1939 2918 2040 2950 1682.
2067 2914 2170 2961 god.)
2197 2915 2234 2949 in

410 2961 651 3003 e1›h‹·meride
678 2962 927 2995 Accademiae
956 2963 1240 2996 Ecclesiasticae
1283 2963 1593 3009 Petroburgensis
1639 2965 1900 2998 Hristianskoe
1944 2955 2090 3003 Ctenie,
2116 2965 2232 3002 1893„

411 3008 450 3041 N.
479 3012 509 3047 3,
532 3009 727 3042 526—547.
751 3008 943 3048 Martinov,
960 3010 1090 3042 Annus
1107 3009 1382 3043 ecclesiasticus
1405 3013 1550 3045 (jraeco
1566 3012 1743 3051 Slavicns,
1767 3011 1959 3051 Bruxellis,
1982 3013 2094 3051 1863.,
2118 3011 2184 3051 125
2204 3020 2233 3051 S,
