2243 3444
365 334 410 369 38
990 334 1162 367 Fontes
1188 333 1429 375 Liturgiae

950 513 1024 553 33.
1063 511 1199 561 1819,
1242 509 1450 564 Tergesti.

456 609 588 647 Testis
623 606 803 646 ocularis
838 606 890 645 de
925 604 1208 645 celebratione
1252 607 1404 645 missae
1439 606 1707 656 quotidianae
1752 605 2076 656 Glagolito-Ro-

316 690 462 716 manae
498 679 535 717 in
572 676 774 717 ecclesiae
809 676 847 716 S.
872 677 1062 715 Thomae
1097 676 1212 715 urbis
1243 674 1618 726 justinopolitanae
1654 677 2000 727 (Capod’lstria).

460 750 525 796 „ln
561 747 700 797 lingua
735 746 844 786 slava
878 749 910 786 si
945 745 1112 786 celebra
1146 745 1182 786 la
1216 759 1354 786 messa
1389 748 1560 797 persino
1583 760 1604 786 a
1628 747 1908 798 Capodistria‚
1934 760 2013 788 ove
2049 747 2077 788 li

312 808 390 849 RR.
417 808 491 845 ΡΡ.
518 805 584 846 del
619 807 735 845 Terz⁷
755 806 917 845 Ordine
952 806 993 845 di
1027 805 1066 845 S.
1090 807 1325 845 Francesco
1360 807 1462 856 ogni
1496 807 1660 846 mattina
1694 819 1715 846 a
1740 807 1972 855 buon'ora,
1995 819 2077 858 per

311 864 524 905 comodita
566 864 677 915 degli
714 866 857 915 operai
902 863 1010 904 della
1056 877 1303 915 campagna,
1338 863 1446 904 nella
1493 866 1634 905 chiesa
1677 865 1718 905 di
1761 865 1800 905 S.
1825 867 2076 915 Tommaso,

310 922 535 964 celebrano
570 923 606 963 la
640 923 679 963 S.
705 925 844 963 Messa
868 925 907 963 in
932 921 1244 974 quell’idioma,
1268 936 1391 964 come
1415 925 1455 964 io
1480 928 1616 964 stesso
1637 925 1879 965 testimonIO
1903 923 2076 965 oculato

309 995 442 1033 posso
477 984 704 1022 attestare.“

451 1062 649 1097 Cronache
677 1063 776 1097 ossia
809 1063 991 1097 Memorie
1019 1063 1180 1097 storiche
1208 1063 1352 1098 antiche
1381 1063 1416 1098 di
1444 1063 1597 1106 Trieste,
1634 1065 1783 1098 estratte
1820 1062 1918 1097 dalla
1953 1062 2079 1098 Storia

306 1109 365 1144 del
394 1110 435 1144 Ρ.
463 1110 591 1144 Ireneo
621 1109 715 1144 della
742 1109 864 1144 Croce
893 1109 1143 1145 Carmelitano
1171 1110 1306 1153 scalzo,
1346 1121 1416 1145 con
1454 1111 1691 1145 annotazioni
1727 1111 1773 1145 ed
1809 1111 1984 1153 aggiunte
2013 1110 2072 1146 del
2147 1147 2159 1162 ⁶
2224 1092 2227 1136 l

304 1157 343 1193 R.
372 1157 410 1191 Ρ.
442 1156 635 1200 GIuseppe
664 1157 827 1199 Mainati,
866 1160 1083 1200 sagrestano
1122 1157 1203 1192 dela
1243 1157 1456 1193 Cattedrale
1497 1158 1532 1192 di
1569 1157 1603 1193 S.
1632 1157 1779 1201 Giusto,
1806 1158 1978 1201 Venezia‚
2007 1158 2075 1202 tip.

305 1204 452 1245 Picotti,
482 1205 583 1246 1819,
612 1204 733 1239 Tomo
761 1205 785 1246 Ι,
812 1215 847 1248 p.
868 1205 946 1240 214.

938 1337 1013 1378 34.
1054 1336 1190 1387 1819,
1235 1335 1438 1379 Venetiis.

444 1432 590 1481 Jacobi
628 1430 767 1470 Coleti
802 1432 840 1470 in
875 1430 1182 1483 Martyrologio
1216 1430 1377 1484 Illyrico
1411 1433 1568 1471 notatio
1603 1432 1655 1471 ad
1702 1432 1814 1471 diem
1848 1433 1872 1472 9
1907 1431 2072 1471 Martii:

303 1501 373 1540 SS.
400 1500 541 1553 Cyrilli
576 1506 614 1541 et
646 1502 879 1541 Methodii:

450 1586 523 1633 „iis
546 1588 682 1624 tamen
717 1597 823 1634 gens
847 1583 1066 1624 Slavonica
1101 1589 1139 1624 et
1171 1583 1326 1637 Illyrica
1360 1586 1481 1624 ritum
1516 1586 1643 1625 debet
1676 1585 1812 1625 divina
1837 1585 1974 1625 officia
2006 1585 2071 1635 ip-

303 1655 447 1682 sorum
482 1642 623 1693 lingua
657 1656 677 1682 a
712 1645 910 1686 Romanis
944 1644 1216 1694 pontificibus
1249 1645 1501 1695 probatum;
1535 1648 1573 1684 et
1606 1645 1722 1694 digni
1756 1645 1934 1684 maxime
1958 1647 2069 1692 sunt,

303 1703 375 1752 qui
410 1715 577 1742 summo
602 1704 767 1742 honore
802 1704 852 1742 ab
875 1701 1043 1755 Illyricis
1076 1704 1322 1743 hominibus
1355 1702 1558 1752 colantur,
1591 1704 1910 1754 habeanturque
1941 1700 2068 1743 veluti

302 1762 514 1811 principes
547 1763 726 1801 nationis
758 1763 1121 1812 totiuspatronif‘

444 1841 576 1883 Coleti,
604 1842 782 1886 illyricum
811 1841 976 1885 Sacrum,
1002 1842 1090 1885 VIII,
1118 1843 1425 1887 Martyrologium
1452 1843 1645 1887 illyricum.

794 1998 868 2039 35.
903 1997 1041 2046 1823,
1075 1995 1281 2048 Pervicz‘i,
1316 1995 1568 2039 Siberzicetz.

445 2092 755 2131 Abecedarium
804 2091 1106 2142 Glagoliticum
1153 2105 1173 2132 a
1208 2093 1249 2132 Ρ.
1276 2094 1383 2132 ssaus
1415 2094 1539 2132 Tertii
1584 2093 1760 2133 Ordinis
1795 2092 1835 2132 S.
1861 2093 2070 2132 francisci

304 2162 595 2201 conscribitur.

442 2230 464 2264 Ι.
494 2230 631 2272 Bercic',
661 2222 817 2266 Citanka
844 2231 1040 2266 staroslov.
1067 2231 1195 2276 iezika,
1223 2232 1318 2274 Prag
1347 2231 1447 2274 1864,
1474 2242 1509 2275 p.
1536 2231 1625 2266 XIII.
1654 2234 1689 2266 et
1715 2231 1772 2267 96.

948 2387 1022 2428 36.
1061 2387 1198 2437 1824,
1212 2438 1219 2443 ⁴
1233 2385 1427 2441 Segnae.

440 2477 595 2520 Rituale
616 2480 850 2522 Romanum
886 2479 1027 2531 linqua
1062 2483 1242 2521 croatica
1274 2480 1451 2531 vulgari,
1476 2483 1556 2521 iam
1581 2494 1691 2521 anno
1720 2483 1828 2522 1640
1850 2495 1872 2522 a
1892 2482 2067 2522 Bartho-

300 2547 467 2588 lomaeo
503 2550 623 2591 Kasic'
657 2549 695 2589 S.
718 2551 749 2601 J.
772 2563 940 2591 versum
975 2557 1013 2591 et
1034 2553 1141 2604 typis
1175 2552 1213 2592 S.
1236 2552 1594 2602 Congregationis
1622 2553 1927 2603 Propagandae
1948 2552 2065 2592 Fidei

299 2619 453 2658 editum
489 2620 591 2667 (Cir.
617 2622 768 2661 Fontes
800 2623 905 2662 XVII
929 2634 959 2662 s.
995 2623 1032 2662 N
1073 2624 1184 2671 109),
1219 2635 1297 2673 pro
1333 2624 1521 2663 dioecesi
1555 2623 1762 2674 Segnensi
1787 2628 1826 2663 et
1858 2624 2061 2663 Modrus-

300 2691 414 2728 censi
449 2691 594 2729 iterum
630 2692 889 2741 imprimitur.

439 2780 545 2822 Juxta
573 2783 759 2825 exemplar
786 2784 821 2818 in
850 2787 1037 2819 conventu
1065 2785 1135 2820 1212.
1165 2785 1446 2829 Capucinorum
1475 2785 1652 2821 Flumine.

822 2927 894 2968 37.
934 2927 1070 2977 1824,
1104 2926 1309 2969 flumine
1344 2925 1534 2981 Segnen.

437 3018 564 3068 Typis
597 3018 765 3058 Antonii
812 3025 849 3059 et
890 3022 1049 3071 Joseph
1097 3021 1323 3073 Karletsky,
1370 3023 1409 3061 in
1455 3021 1592 3062 lucem
1636 3023 1792 3073 prodiit
1840 3013 2057 3072 „Sc'avet“,

298 3085 438 3135 lingua
473 3090 651 3127 croatica
683 3089 857 3139 vulgari,
903 3094 1144 3132 continens:
1191 3091 1398 3143 Epistolas
1443 3096 1481 3132 et
1513 3092 1734 3143 Evangelia
1774 3106 1850 3144 per
1882 3105 2052 3141 annum,

298 3155 496 3205 Oremus,
535 3159 881 3201 postcommunio
898 3163 1121 3202 Missarurn
1142 3164 1195 3203 de
1214 3164 1444 3203 Communi
1463 3168 1501 3203 et
1520 3165 1802 3214 propriarum,
1823 3164 2058 3212 Confiteor,

300 3224 444 3265 Gloria
498 3229 537 3266 in
587 3229 776 3278 excelsis,
827 3231 984 3280 Credo,
1020 3233 1302 3282 paternoster,
1353 3234 1652 3282 Praefationes,
1706 3235 1927 3284 Proprium
1975 3246 2056 3284 pro

2188 1806 2203 1852 ἒ

2192 1891 2203 1918 t

2188 1980 2205 2003 ἱ

2187 2019 2202 2050 ἶ

2185 2127 2210 2166 24.

2183 2170 2210 2236 ἓὲἶ

2176 2284 2209 2445 ἰ
