2243 3444
375 303 420 338 44
978 301 1159 338 Fontes
1208 300 1466 349 Liturgiae

330 480 429 520 tatis
462 479 579 531 apud
598 492 677 519 nos
709 481 924 525 vocatum,
957 478 1203 519 recentibus
1237 477 1422 518 comitiis
1454 490 1479 518 a
1508 477 1626 530 regia
1647 476 1874 518 Maiestate
1907 480 1949 519 et
1979 490 2114 530 regno

329 537 577 583 obtinuerit,
611 549 698 589 quo
732 549 809 588 per
850 539 1039 576 veterem
1084 536 1217 576 totius
1250 535 1411 576 Sacrae
1454 533 1668 584 Coronae,
1700 535 1755 576 ab
1788 535 1894 588 ipsis
1927 535 2121 577 Sanctis-

336 594 455 634 simis
501 593 673 646 regibus
720 593 957 634 derivatam
1000 593 1374 642 consuetudinem,
1421 593 1649 645 potissime
1686 592 1972 646 juridicarum
2005 593 2120 634 litte-

327 664 473 693 rarum
503 651 754 702 scripturae,
787 654 827 690 et
849 654 947 691 acta
977 650 1265 691 saecularium
1295 653 1560 702 magnatum,
1594 653 1636 690 et
1665 650 2004 699 notabssitatum,
2028 663 2118 692 non

332 709 429 756 alia,
463 721 593 761 quain
626 707 779 749 Latina
810 707 955 760 lingua
986 708 1148 760 scripta
1191 707 1429 756 firmentur,
1471 710 1512 748 et
1543 720 1622 760 per
1653 707 1969 749 ecclesiasticos
2001 707 2121 761 ipsos

329 767 636 819 expediantur3
671 778 781 818 quae
813 765 1037 806 latinitatis
1069 765 1104 805 si
1137 765 1251 806 absit
1283 765 1486 817 cognitio,
1509 778 1687 806 necesse
1720 768 1783 805 est
1814 768 1904 806 tam
1937 765 2114 816 decoro,

327 824 414 864 imo
449 824 576 864 etiam
609 836 687 864 suo
722 826 931 874 tempore,
966 825 1007 863 et
1029 823 1364 864 circumstantiis
1407 822 1499 863 utili
1546 822 1772 875 privilegio
1804 835 1948 864 meam
1982 823 2119 864 eccle-

329 881 437 922 siam
469 880 641 933 privari.
674 880 873 927 Ulterius,
906 880 939 920 si
974 881 1093 933 quod
1126 880 1241 921 Deus
1273 883 1453 928 avertat,
1487 893 1587 933 pars
1619 880 1839 920 haeretica
1868 880 2119 932 Hungariae

329 939 564 991 aliquando
598 938 638 978 in
673 940 840 978 tantum
870 939 1153 990 praevaleret,
1185 941 1232 978 ut
1271 938 1455 979 liberum
1501 938 1753 978 exercitium
1800 950 1952 978 eorum
1983 938 2120 979 irreli-

329 996 466 1048 gionis
499 996 625 1036 etiam
661 995 702 1035 in
737 995 968 1036 Sclavonia
1001 998 1042 1036 et
1074 993 1260 1045 Oroatia,
1295 996 1415 1048 quod
1463 995 1504 1036 in
1535 995 1721 1048 publicis
1753 995 1943 1036 comitiis
1975 996 2119 1045 toties,

307 1057 373 1094 ·et
414 1066 501 1094 non
544 1053 654 1093 adeo
696 1053 865 1104 pridem
912 1056 1147 1101 tentarunt,
1192 1054 1373 1094 concedi
1415 1054 1615 1100 deberet;
1658 1065 1884 1093 necessum
1927 1053 2117 1095 naturali

328 1111 461 1151 modo
495 1113 606 1151 esset
637 1111 748 1150 hanc
780 1123 920 1151 meam
968 1111 1086 1151 omni
1130 1123 1181 1151 ex
1225 1113 1349 1163 parte
1390 1111 1544 1151 rudem
1587 1109 1835 1160 dioecesim,
1874 1110 1998 1163 quasi
2031 1123 2119 1152 uno

331 1168 522 1220 quodam
556 1168 655 1216 ictu,
689 1171 910 1208 momento
945 1168 1152 1220 temporis
1173 1168 1216 1208 in
1240 1168 1454 1209 catholica
1475 1168 1562 1208 fide
1585 1167 1813 1208 concidere
1845 1170 1887 1208 et
1916 1167 2119 1217 interire3

332 1238 386 1265 ne
404 1238 519 1266 nunc
553 1225 748 1266 doctrina
767 1225 913 1278 aliqua
943 1238 1166 1267 sacrarum
1197 1226 1452 1273 litterarum,
1485 1225 1550 1266 vel
1583 1225 1674 1278 ejus
1695 1225 1850 1266 notitia
1881 1226 2120 1266 resistente.

333 1281 463 1323 Cuius
496 1283 760 1324 contrarium
791 1295 970 1335 prorsus
1004 1286 1067 1324 est
1089 1284 1133 1324 in
1154 1283 1355 1325 universa
1379 1283 1617 1335 Hungaria‚
1651 1286 1692 1323 et
1722 1283 1823 1323 hinc
1854 1283 1959 1323 mihi
1982 1282 2123 1324 vicina

331 1341 411 1380 sub
453 1340 537 1381 alio
580 1339 775 1392 praelato
819 1340 1073 1382 Sclavonia:
1117 1341 1276 1394 quibus
1322 1341 1365 1381 in
1411 1341 1516 1382 locis
1562 1352 1652 1381 non
1693 1340 1834 1381 solum
1865 1340 2048 1392 praelati
2081 1343 2123 1381 et

332 1396 545 1450 Capitula,
579 1397 654 1438 sed
688 1397 814 1439 etiam
848 1398 1030 1451 parochi
1063 1401 1104 1439 et
1145 1398 1357 1451 capellani
1405 1399 1670 1451 optimarum
1702 1398 1941 1438 litterarum
1973 1397 2121 1439 Philo-

327 1456 507 1507 sophiae
554 1458 594 1495 et
639 1455 905 1507 Theologiae
945 1459 1046 1497 sunt
1086 1456 1248 1509 passim
1289 1456 1432 1509 periti,
1476 1458 1517 1496 et
1561 1456 1604 1496 in
1646 1455 1778 1496 sacris
1819 1455 2121 1504 concionibus,

329 1512 488 1565 aliique
520 1512 744 1561 exercitiis,
777 1513 1076 1566 spiritualibus
1107 1514 1306 1567 apprime
1340 1513 1517 1566 experti,
1552 1516 1598 1554 ut
1630 1513 1754 1566 quasi
1785 1512 1934 1554 -videre
1965 1513 2019 1553 sit
2056 1515 2122 1554 tot

328 1571 558 1622 sapientes,
591 1573 698 1622 quot
729 1570 1024 1623 PresbyterOS,
1058 1574 1099 1611 et
1131 1574 1239 1624 quot
1271 1571 1518 1612 Canonicos
1539 1573 1605 1611 tot
1632 1571 1858 1611 Doctores.
1887 1570 1984 1611 Mea
2014 1583 2118 1612 vero

329 1627 548 1668 Dioecesis
580 1627 709 1668 unica
738 1641 789 1668 ex
821 1628 1023 1669 omnibus
1054 1628 1188 1669 totius
1229 1629 1349 1681 regni
1391 1629 1435 1669 in
1467 1629 1655 1669 obscuro
1693 1627 1948 1676 litterarum,
1981 1631 2023 1668 et
2052 1631 2118 1668 te-

328 1685 472 1725 nebris
516 1685 685 1732 obruta,
731 1698 781 1726 ac
819 1686 959 1738 sopita
1000 1689 1181 1739 propter
1227 1686 1519 1738 ignorantiam
1562 1698 1757 1727 errorum
1789 1688 1987 1734 matrem,
2018 1698 2117 1726 meo

329 1754 499 1783 summo
533 1742 684 1783 dolore
707 1746 749 1783 et
769 1743 1003 1784 afflictione
1027 1744 1276 1793 delibescet,
1299 1744 1342 1784 in
1374 1757 1461 1797 qua
1484 1757 1560 1796 per
1582 1743 1833 1784 huiusmodi
1857 1742 2119 1784 Sacerdotes

334 1803 374 1840 et
404 1800 622 1851 parochos
649 1813 758 1852 pure
790 1800 978 1855 Illyricos
1019 1814 1168 1843 sacrae
1199 1801 1432 1842 conciones
1475 1804 1516 1842 et
1558 1801 1883 1842 exhortationes
1913 1813 1995 1841 nec
2025 1800 2119 1842 fieri

327 1860 511 1909 possunt
535 1858 590 1898 ob
618 1858 843 1909 inscitiam,
866 1872 946 1899 nec
969 1859 1024 1900 ad
1054 1872 1259 1912 praesens
1277 1859 1405 1908 fiunt;
1429 1859 1506 1900 sed
1527 1871 1670 1912 neque
1703 1871 1755 1899 ex
1775 1858 1934 1900 talibus
1965 1858 2040 1899 ulli
2061 1858 2119 1899 ad

329 1927 475 1955 sacras
508 1915 801 1956 confessiones
834 1917 1077 1957 audiendas
1107 1920 1236 1965 recte,
1269 1917 1330 1958 uti
1364 1919 1582 1970 opportet,
1615 1916 1790 1965 assumi,
1823 1915 1905 1956 nisi
1936 1917 2119 1968 propter

328 1984 542 2013 summam
584 1973 864 2014 necesitatem
904 1974 1076 2022 valent;
1120 1975 1318 2027 exemplo
1362 1975 1492 2023 claro,
1534 1974 1654 2027 quod
1694 1986 1782 2015 non
1825 1973 1986 2014 multos
2016 1976 2117 2014 ante

328 2029 428 2070 hinc
461 2043 613 2079 annus,
648 2034 789 2071 certus
821 2031 863 2072 in
887 2044 984 2072 mea
1007 2031 1197 2073 dioecesi
1229 2045 1254 2073 a
1277 2032 1344 2073 60.
1377 2032 1502 2072 annis
1523 2032 1743 2085 parochus
1764 2031 1964 2072 inventus
1988 2030 2116 2072 fuerit

328 2087 612 2128 absolutionis
644 2088 873 2129 formulam
905 2089 1107 2138 nescisse,
1150 2092 1315 2142 quanto
1357 2089 1500 2130 minus
1545 2088 1806 2141 cempetenti
1841 2089 1977 2129 modo
2008 2100 2116 2141 poe-

329 2144 504 2185 nitentis
535 2145 837 2194 substantiam,
872 2148 912 2186 et
945 2147 1262 2188 confessionem
1305 2147 1564 2188 discernere.
1596 2146 1807 2187 Latinitas
1837 2158 1970 2198 porro
2002 2146 2114 2187 adeo

329 2202 583 2251 communis,
616 2206 657 2243 et
688 2203 730 2243 in
762 2206 931 2244 tantum
964 2204 1120 2245 diffusa
1151 2207 1244 2245 toto
1292 2204 1541 2256 Hungariae
1583 2217 1717 2256 regno
1757 2203 1911 2253 existit,
1942 2205 1990 2244 ut
2020 2216 2116 2244 eam

330 2271 418 2299 non
450 2259 590 2300 solum
621 2261 822 2314 majores,
856 2264 897 2300 et
929 2261 1153 2310 Doctores,
1185 2262 1265 2302 viri
1298 2261 1578 2302 ecclesiastici
1612 2265 1653 2302 et
1675 2261 1930 2310 saeculares,
1963 2273 2115 2302 verum

331 2316 460 2356 etiam
492 2317 573 2368 ipsi
605 2318 765 2370 passim
812 2318 1053 2359 mechanici
1096 2319 1250 2360 callere
1295 2319 1508 2367 visantur3
1550 2321 1716 2371 quanto
1754 2318 1890 2370 magis
1926 2318 2020 2359 illas
2050 2317 2141 2367 his,
2182 2315 2192 2354 -Ῐ

336 2386 512 2426 quoque
545 2374 587 2414 in
633 2375 792 2415 nostris
823 2376 927 2416 locis
968 2376 1236 2429 Presbyteris
1280 2380 1322 2417 et
1362 2376 1661 2417 ecclesiasticis
1703 2375 2044 2423 convenientior,
2077 2377 2119 2416 et
2178 2374 2182 2377 ’

333 2431 575 2472 necessaria
623 2434 707 2480 est;
749 2433 1020 2474 Eminentiae
1062 2434 1253 2483 Vestrae,
1296 2435 1338 2474 et
1367 2433 1461 2474 aliis
1507 2432 1868 2474 Eminentissimis
1913 2432 2117 2474 Patribus

332 2487 691 2540 dijundicandum
723 2490 934 2542 relinquo.
968 2491 1014 2531 In
1049 2504 1099 2532 eo
1132 2491 1261 2532 etiam
1294 2493 1426 2543 atque
1463 2491 1592 2532 etiarn
1626 2491 1837 2532 instanter
1867 2490 2117 2543 supplicans

330 2544 581 2586 Eminentiis
615 2545 787 2594 Vestris,
820 2551 867 2587 ut
899 2548 1076 2600 quando
1109 2549 1250 2602 majus
1287 2548 1466 2601 aliquod
1486 2547 1702 2602 Illyricum
1727 2560 1838 2600 opus
1868 2556 1972 2601 typo
1996 2560 2116 2589 com-

330 2602 499 2642 mittere
531 2603 772 2652 intendant,
803 2605 1039 2646 reddamus
1069 2606 1189 2658 prius
1221 2618 1301 2646 nos
1343 2606 1583 2647 residentes
1615 2605 1820 2658 Episcopi
1852 2604 1907 2645 de
1939 2617 1990 2646 eo
2023 2617 2116 2646 cer-

330 2658 472 2708 tiores,
508 2660 580 2712 qui
612 2664 858 2702 nostrarum
893 2662 1170 2703 ecclesiarum
1202 2663 1483 2704 necessitates
1516 2666 1557 2703 et
1587 2663 1767 2703 vulnera
1798 2674 1930 2703 manu
1960 2662 2116 2715 palpa-

333 2728 436 2763 nus3
460 2717 513 2757 sit
547 2717 658 2757 enim
692 2718 808 2767 alias,
842 2722 887 2759 ut
918 2732 997 2772 per
1018 2720 1265 2772 aliquorum
1288 2720 1587 2772 suggestiones
1619 2719 1752 2774 (norit
1774 2720 1890 2760 Deus
1924 2721 1981 2760 ad
2003 2732 2114 2772 quos

332 2772 502 2814 illorum
534 2775 816 2826 particulares
852 2776 971 2825 fines,
1013 2777 1123 2818 forte
1157 2778 1286 2818 etiam
1322 2777 1640 2832 promotiones)
1671 2777 1774 2818 talia
1815 2779 2116 2829 suggerantur,
2176 2763 2221 2812 „³

331 2842 442 2882 quae
474 2832 684 2872 aerarium
720 2832 877 2873 Sacrae
925 2833 1284 2886 Congregationis
1325 2848 1415 2876 non
1451 2834 1624 2876 modice
1665 2835 1877 2884 minuunt,
1923 2846 2112 2886 paucum

334 2890 492 2937 autem,
525 2888 590 2928 vel
621 2889 784 2929 nullum
817 2890 859 2930 in
890 2891 1020 2931 rebus
1062 2892 1357 2944 spiritualibus
1388 2892 1574 2933 efficient
1614 2892 1825 2939 fructum3
1859 2904 2114 2943 supponen-

332 2944 434 2985 dum
478 2945 590 2985 enim
632 2950 748 2986 certo
796 2950 859 2987 est
901 2947 1160 2989 Sacerdotes
1203 2949 1390 3003 Illyricos
1428 2962 1562 2998 raros,
1607 2949 1674 2990 vel
1704 2948 1774 2989 vix
1819 2949 1989 3001 aliquos
2031 2948 2113 2989 sibi

334 3001 582 3055 hujusmodi
617 3002 820 3044 librorum
846 3004 1103 3045 lectionibus
1144 3009 1184 3046 et
1217 3006 1599 3047 exercitationibus
1642 3006 1760 3051 darc,
1792 3006 1895 3058 quia
1926 3005 1969 3046 hi
2001 3018 2114 3046 nun-

332 3071 460 3110 quam
493 3063 778 3100 assueuerunt
809 3061 985 3107 discere,
1009 3075 1088 3102 nec
1112 3063 1308 3104 habitum
1332 3064 1526 3104 discendi
1553 3063 1708 3110 habui;
1742 3065 1894 3115 utpote
1921 3063 1994 3115 qui
2016 3065 2115 3115 post

332 3116 649 3157 assecutionem
681 3117 884 3168 simplicis
916 3119 1105 3160 lecturae
1135 3120 1355 3170 Breviarii,
1400 3123 1441 3161 et
1473 3120 1670 3169 Missalis,
1702 3122 1819 3161 totos
1851 3133 1896 3160 se
1928 3120 2112 3172 agricul-

331 3175 467 3222 turae,
500 3173 665 3223 vinetis,
698 3176 739 3214 et
770 3174 1020 3229 hujusmodi
1051 3176 1144 3218 aliis
1177 3177 1307 3218 rebus
1339 3177 1563 3218 dederunt.
1593 3177 1711 3218 Haec
1734 3177 1880 3228 habin‚
1913 3190 2027 3231 quae
2058 3177 2114 3219 ad
2171 3183 2197 3210 1·'
