2191 3434
562 180 1147 226 Glagolito—Romanae
1173 179 1261 214 XVI
1289 190 1316 214 s.
1820 182 1861 213 31

0 328 475 382 upprobata,vel
509 327 961 375 consuetudine,
994 340 1142 379 quae
1176 327 1260 366 vel
1294 327 1425 377 ipsa
1448 327 1751 365 institutio
1785 338 1864 364 su·

62 402 120 429 er
151 388 446 428 ducentos
479 399 664 427 annos
697 387 989 427 Missarum
1024 386 1520 426 celebrandarum
1555 387 1606 424 in
1641 385 1863 425 eisdem

39 448 303 488 'eclesiis
324 447 558 488 assidue
599 448 896 487 observata
919 447 1012 496 sit3
1035 460 1058 485 a
1080 446 1221 499 quib
1241 458 1313 494 us,
1346 452 1400 485 ut
1424 445 1716 496 praefatam
1735 445 1864 484 cele-

61 507 228 547 randi
264 508 763 555 constitutionem,
791 507 882 546 vel
917 504 1392 545 consuetudinem
1416 517 1747 557 nequaquam
1782 517 1865 543 au-

42 568 167 607 erim
186 579 264 617 us;
296 568 357 607 sic
391 568 424 606 si
445 566 620 606 Missale
654 566 751 615 hoc,
785 566 906 618 quod
929 578 1045 605 nunc
1083 567 1123 604 in
1146 565 1290 604 lucem
1327 564 1396 603 edi
1421 565 1679 613 curavimus,
1712 563 1865 603 iisdem

65 627 158 679 agis
189 626 393 678 placeret,
427 626 482 665 de
516 626 739 677 Episcopi,
772 626 838 665 vel
872 625 1066 672 praelati,
1101 623 1378 676 Capitulique
1414 625 1601 663 universi
1636 635 1868 671 consensu,

47 693 77 736 t,
108 687 333 738 quibusvis
366 698 454 725 non
489 687 778 734 obstantibus,
808 685 934 738 juxta
970 684 1075 724 illud
1108 684 1262 724 Missas
1302 684 1523 723 celebrare
1558 684 1740 735 possint,
1772 695 1867 735 per·

65 747 240 786 ittimus.
273 768 330 774 —
362 744 512 797 Atque
559 753 603 784 ut
635 745 720 784 hoc
767 746 909 796 ipsum
946 746 987 783 in
1021 743 1151 783 Missa
1185 743 1472 788 decantanda,
1523 750 1595 782 aut
1645 742 1868 782 recitanda

94 806 319 857 quibusvis
352 805 562 845 Ecclesiis
597 828 653 832 —
686 812 837 844 tenore
859 805 1154 855 praesentium
1176 826 1233 831 -
1254 804 1486 843 statuimus
1519 809 1561 842 et
1583 802 1868 842 declaramus.

61 877 119 904 on
153 865 428 905 obstantibus
462 866 725 916 praemissis,
757 877 807 903 ac
860 864 1245 903 constitutionibus
1280 869 1322 902 et
1365 862 1712 902 ordinationibus
1745 861 1868 913 Apo-

60 924 196 974 olicis‚
227 937 278 964 ac
312 926 354 964 in
388 924 742 971 provincialibus,
775 931 816 963 et
852 922 1151 974 Synodalibus
1175 921 1382 964 Conciliis
1416 922 1543 961 editis
1579 922 1869 973 generalibus,

46 983 86 1024 el
119 984 382 1036 specialibus
416 984 812 1032 constitutionibus,
864 990 905 1022 et
939 983 1300 1031 ordinationibus,
1333 994 1415 1021 nec
1448 994 1537 1021 non
1570 981 1867 1021 Ecclesiarum

49 1043 338 1084 raedictarum
361 1056 454 1092 usu,
476 1044 732 1096 longissima
747 1049 788 1083 et
811 1042 1150 1082 immemorabili
1173 1043 1644 1094 praescriptione‚non
1679 1050 1731 1080 ta
1747 1054 1787 1080 m
1803 1054 1825 1080 e
1842 1053 1868 1079 n

42 1117 148 1156 upra
180 1103 460 1143 ducentos
492 1115 676 1152 annos,
708 1103 987 1152 roborato,
1020 1103 1189 1142 statutis
1223 1108 1264 1141 et
1286 1100 1679 1141 consuetudinibus
1702 1107 1870 1140 contra-

39 1165 88 1203 iis
121 1164 488 1216 quibuscumque.
520 1185 578 1191 --
610 1162 772 1202 Datum
806 1162 974 1202 Romae
1007 1162 1125 1214 apud
1161 1160 1202 1202 S.
1249 1161 1440 1209 Petrum,
1471 1173 1586 1200 anno
1621 1160 1705 1200 Inc.
1739 1159 1870 1200 Dom.

67 1222 229 1264 DLXX
261 1222 401 1274 pridie
434 1222 536 1262 Idus
564 1222 674 1275 Julii,
706 1221 989 1262 Pontificatus
1022 1222 1157 1261 nostri
1192 1233 1307 1261 anno
1342 1221 1536 1273 quinto«.

161 1305 203 1338 In
229 1303 355 1338 fronte
382 1303 558 1338 editionis
584 1304 734 1348 typicae
761 1303 920 1336 Missalis
947 1303 1107 1337 Romani
1154 1302 1359 1336 reformati.
1400 1321 1442 1325 —-
1482 1301 1672 1345 Exceptio
1699 1301 1793 1335 haec
1821 1300 1871 1335 fa-

48 1355 86 1385 et
112 1351 250 1385 Missali
279 1351 518 1397 Glagolitico,
547 1362 663 1395 quum
690 1351 791 1385 idem
819 1354 886 1384 200
913 1351 1019 1384 annis
1040 1350 1232 1395 antiquius
1260 1349 1382 1389 fuerit,
1413 1360 1455 1383 ac
1483 1350 1520 1382 in
1548 1348 1723 1383 nonnulis
1750 1349 1872 1394 regio—

48 1399 131 1434 ibus
158 1399 262 1434 iuxta
289 1399 416 1434 Ritum
444 1399 697 1444 Aquileiensis
725 1398 930 1440 Ecclesiae,
957 1398 995 1432 id
1023 1403 1081 1433 est
1108 1399 1211 1432 iuxta
1239 1398 1368 1432 Ritum
1396 1397 1702 1432 Patriarchinum.

415 1580 508 1622 [24.
541 1578 659 1623 1570,
693 1567 939 1621 Zagrabz'ae
971 1567 1016 1608 in
1049 1566 1224 1608 ecclesia
1257 1566 1504 1607 cathedrali.

162 1677 209 1717 In
244 1676 431 1729 Synodo
465 1677 701 1718 diocesana
722 1677 1000 1730 Zagrabiensi
1024 1678 1154 1716 missa
1176 1675 1400 1729 Glagolito
1424 1698 1437 1703 -
1461 1675 1659 1715 Romana
1695 1676 1871 1714 canitur.

164 1761 288 1802 Ordo
321 1761 561 1802 servandus
606 1762 647 1800 in
681 1761 869 1812 synodo,
902 1774 1014 1813 quae
1065 1760 1288 1800 dominica
1321 1759 1619 1799 Reminiscere
1667 1760 1870 1810 proxima

55 1826 58 1829 '
98 1821 179 1862 hac
214 1820 327 1861 alma
360 1821 547 1861 ecclesia
579 1818 834 1874 (cathedrali
869 1817 1164 1873 Zagrabiensi)
1198 1819 1444 1859 habebitur:

162 1881 308 1922 Primo
341 1881 412 1921 die
457 1881 639 1934 agenda.
673 1880 754 1920 Die
788 1881 1013 1920 dominico
1065 1880 1363 1919 Reminiscere
1396 1880 1438 1918 in
1490 1880 1582 1929 ipsa
1632 1891 1785 1917 aurora
1817 1878 1872 1917 ad

69 1942 276 1981 atutinam
313 1942 490 1980 missam
543 1941 796 1992 pulsabitur,
847 1953 932 1992 qua
964 1939 1083 1979 finita
1117 1940 1305 1979 croatica
1356 1939 1504 1992 lingua
1536 1938 1592 1977 ad
1646 1950 1870 1978 summum

49 2000 154 2040 ltare
187 2000 244 2041 de
278 2002 549 2041 sanctissima
581 1999 790 2040 Trinitate
827 2001 958 2039 missa
992 1999 1384 2039 decantabitur...

0 2098 4 2107 λ
167 2058 378 2101 Secundo
422 2060 504 2100 die.
550 2057 738 2100 Summo
788 2072 928 2107 mane,
961 2066 1007 2098 ut
1040 2059 1113 2098 die
1165 2057 1445 2110 praecedenti
1479 2057 1534 2097 ad
1570 2058 1748 2097 missam
1783 2070 1871 2096 ma-

0 2119 3 2123 ’
42 2121 205 2160 utinam
239 2114 492 2172 pulsabitur,
525 2132 610 2172 qua
643 2119 773 2168 finita,
807 2120 938 2158 missa
970 2119 1026 2158 de
1055 2125 1240 2170 patrono
1274 2118 1401 2157 huius
1436 2117 1651 2157 ecclesiae
1685 2117 1874 2156 croatica

0 2228 2 2234 Ι
42 2180 170 2232 'ngua
203 2180 457 2220 cantabitur.

164 2262 261 2295 Acta
287 2261 441 2305 antiqua
467 2260 629 2304 Capituli
665 2260 934 2304 Zagrabiensis,
963 2260 1068 2293 Fasc.
1115 2261 1169 2299 95,
1198 2259 1239 2293 N.
1272 2262 1326 2293 16.
1356 2258 1421 2292 cfr.
1467 2257 1634 2298 Tkalcic',
1663 2257 1872 2291 Slavcnsko

52 2307 247 2354 ogosluije
273 2320 296 2343 u
324 2308 544 2353 Hrvatskoj,
571 2308 775 2353 Zagrabiae
803 2311 906 2348 1904,
937 2311 978 2341 77
1005 2319 1033 2341 s.

346 2488 436 2530 125.
470 2488 588 2530 1570,
623 2476 853 2517 Ρείνουίηα
888 2476 909 2529 (
919 2475 1063 2517 Velika
1088 2476 1262 2530 gorica)
1297 2475 1553 2528 Zagrab2·en.

173 2585 413 2626 »Plebanus
446 2586 488 2624 in
526 2585 783 2636 Petrowyna
823 2592 956 2624 vacat.
991 2584 1181 2636 Quidam
1217 2584 1457 2637 Gregorius
1510 2582 1746 2637 glagolitlia
1799 2583 1873 2621 ibi-

168 2739 264 2772 Acta
290 2739 444 2783 antiqua
469 2738 630 2781 Capituli
658 2739 917 2783 Zagrabiensis
944 2738 1051 2771 Fasc.
1081 2740 1135 2777 67,
1164 2738 1210 2771 N.
1237 2741 1275 2778 6;
1304 2737 1358 2772 Cf.
1387 2736 1535 2771 Starinc
1562 2736 1624 2776 IV,
1653 2738 1731 2768 210.

564 2910 658 2947 126.
692 2917 810 2960 1572,
851 2905 1037 2948 Grobm'k
1069 2904 1353 2946 Modruscicn.

171 3002 342 3042 Initium
393 3002 709 3042 aedificationis
742 3004 867 3042 turris
919 3003 1220 3053 campanariae
1254 3001 1468 3040 ecclesiae
1502 2999 1761 3051 parochialis
1796 2997 1873 3037 SS.

66 3073 218 3126 hilippi
252 3081 293 3115 et
323 3074 474 3127 Jacobi
508 3075 549 3114 in
572 3073 772 3115 Grobnik
787 3074 1131 3114 Modrusciensis
1166 3073 1439 3123 dioeceseos,
1473 3071 1753 3122 inscriptione
1788 3070 1873 3122 gla-
