2243 3444
361 304 408 340 96
977 300 1149 335 Fontes
1176 299 1424 341 Liturgiae

473 450 513 488 II.
548 449 717 488 Nomen
753 447 907 485 Missae
942 446 1137 495 privatae,
1174 444 1226 483 de
1261 455 1343 493 qua
1378 444 1418 482 in
1443 440 1617 482 articulo
1641 443 1691 482 IX
1715 442 1908 482 eiusdem
1931 442 2087 481 decreti

317 520 458 548 sermo
493 511 566 555 est,
600 518 686 546 non
721 517 848 545 sensu
883 506 1020 544 stricte
1055 502 1266 553 liturgico,
1300 502 1377 541 sed
1412 514 1540 541 sensu
1575 502 1860 541 communiori
1895 505 1933 540 et
1955 499 2089 541 latiori

317 567 611 618 accipiendum
646 577 753 605 esse.
788 564 853 603 Ad
888 563 1102 603 evitandas
1139 563 1249 601 enim
1285 562 1684 609 demonstrationes,
1720 564 1758 600 et
1790 561 1843 600 ad
1867 573 2089 600 removen-

318 627 418 666 dum
465 623 724 673 scandalum,
770 624 876 662 haec
919 623 1048 662 Missa
1092 623 1377 661 characterem
1421 621 1541 671 quasi
1587 618 1825 660 solemnem
1871 632 2089 659 assumere

316 698 403 725 non
438 685 576 724 debet.

458 757 514 795 111.
548 754 736 794 Tandem
771 753 1029 804 praescripta
1063 753 1102 791 in
1137 749 1312 791 articulo
1346 752 1398 790 XI
1432 751 1660 801 supradicti
1696 750 1853 790 decreti
1883 751 1992 790 circa
2017 751 2089 789 ad-

319 816 661 855 ministrationem
696 813 893 863 Baptismi
929 816 967 851 et
1000 812 1252 856 matrimonii
1288 810 1565 850 extendenda>
1588 822 1682 850 esse
1718 811 1839 849 etiam
1870 810 1922 849 ad
1947 807 2089 849 ultima

317 875 595 921 Sacramenta,
642 874 692 912 ita
735 875 777 911 ut
824 872 862 910 in
909 871 1124 921 parochiis
1167 868 1310 920 lingua
1357 868 1665 920 palaeoslavica
1709 867 1980 920 privilegiatis
2014 870 2088 908 ista

317 935 559 983 neutiquam
593 932 737 982 negari
772 931 937 981 possint
971 930 1254 978 moribundis,
1290 930 1362 980 qui
1397 929 1547 968 eadem
1582 930 1772 980 recipere
1805 929 1944 976 velint,
1979 929 2088 968 iuxta

318 991 473 1035 Rituale
508 993 742 1034 Romanum
777 988 961 1029 latinum.

459 1065 555 1103 Item
599 1064 638 1102 in
682 1062 837 1102 eodem
885 1059 1060 1100 articulo
1103 1061 1154 1100 Xl
1189 1061 1334 1111 quoad
1381 1058 1653 1100 collationem
1695 1060 1894 1110 Baptismi
1935 1071 2089 1099 vocem

319 1124 531 1173 ,privatim‘
557 1134 643 1161 non
666 1134 759 1161 esse
784 1119 1101 1170 intelligendam
1137 1132 1189 1159 eo
1225 1132 1367 1167 sensu,
1403 1123 1445 1158 ut
1478 1120 1553 1159 iste
1588 1119 1898 1159 administretur
1931 1119 2090 1159 infanti-

252 1234 255 1237 ·
318 1184 411 1231 bus,
447 1182 616 1221 omissis
659 1180 860 1220 omnibus
904 1180 1050 1219 ritibus
1097 1183 1135 1219 et
1178 1180 1471 1219 caeremoniis.
1529 1177 1595 1218 Illa
1631 1180 1783 1218 etenim
1816 1191 1899 1218 vox
1931 1182 2092 1229 spectat

318 1246 474 1281 tantum
509 1241 559 1280 ad
595 1240 772 1279 modum
809 1238 1048 1279 collationis
1081 1251 1167 1277 non
1203 1237 1415 1289 publicae,
1451 1242 1610 1277 servata
1634 1250 1805 1288 semper
1826 1235 2089 1277 solemnitate

318 1301 461 1351 quoad
507 1301 606 1339 ritus
652 1304 690 1339 et
732 1299 1023 1338 caeremonias
1067 1311 1179 1348 quos
1221 1299 1259 1337 in
1306 1299 1520 1348 Baptismo
1564 1298 1721 1337 nemini
1756 1298 1946 1337 omittere
1981 1295 2090 1345 licet,

317 1362 394 1399 nisi
428 1360 686 1399 necessitatis
721 1371 860 1398 causa.

458 1443 594 1492 Atque
629 1443 679 1481 ita
713 1442 927 1492 rescripsit
961 1445 999 1480 et
1032 1439 1269 1480 declaravit.
1305 1441 1384 1480 Die
1425 1442 1473 1479 14
1509 1440 1643 1479 Martii
1683 1441 1806 1480 1902.

1383 1535 1435 1574 D.
1463 1535 1589 1591 Card.
1615 1535 1790 1574 Ferrata.
1817 1534 1947 1574 Praei.

1190 1619 1241 1658 D.
1266 1619 1418 1658 Paniei.
1444 1619 1641 1669 Archiep.
1668 1618 1910 1666 Laodicen„
1934 1617 2089 1658 Secret.

458 1712 675 1756 Ephemeris
701 1710 930 1755 Spalatensis
959 1710 1178 1754 „Biskupski
1207 1711 1315 1753 List“,
1344 1711 1446 1753 1902,
1475 1710 1538 1745 Nr.
1557 1710 1616 1745 ΧΙ.

819 1891 921 1933 IIO.
962 1891 1098 1940 1899,
1139 1891 1167 1931 7
1195 1890 1373 1941 Martii,
1397 1889 1586 1944 satirae.

456 1998 819 2049 Archiepiscopus
864 1999 1079 2049 jadrensis
1113 1998 1353 2048 Gregorius
1387 1997 1591 2048 Rajcevic,
1637 1998 1805 2037 Litteras
1848 1994 2094 2036 Decretales

321 2069 358 2109 S.
385 2071 549 2113 Rituum
575 2069 935 2119 Congregationis
969 2072 992 2109 5
1021 2069 1201 2119 Augusti
1231 2070 1339 2109 1898
1376 2069 1465 2117 [cfr.
1490 2069 1542 2108 N.
1569 2070 1665 2117 109]
1689 2069 1946 2108 strictissime
1970 2068 2093 2107 inter-

321 2146 509 2192 pretans,
557 2145 595 2181 et
640 2142 809 2181 obtenta
850 2141 1037 2191 desuper
1082 2140 1301 2181 decisione
1337 2140 1376 2180 S.
1401 2142 1566 2183 Rituum
1605 2139 1979 2189 CongregationiS,
2013 2149 2094 2177 nec

322 2226 445 2252 unam
481 2211 702 2252 ecclesiam
738 2213 777 2251 in
801 2210 1123 2251 Archidioecesi
1156 2211 1347 2262 Jadrensi
1381 2210 1604 2262 privilegio
1639 2209 1829 2260 liturgiae
1855 2206 2094 2259 Glagolito-

322 2285 534 2325 Romanae
569 2283 710 2322 utendi
746 2284 809 2322 ius
843 2283 1000 2322 habere
1036 2280 1231 2322 declarat.

468 2367 591 2415 „Utut
634 2369 755 2405 tenor
788 2364 1085 2416 praelaudatae
1119 2366 1406 2405 Instructionis
1441 2366 1530 2414 [cfr.
1556 2366 1593 2404 N
1624 2366 1720 2413 109]
1756 2376 1831 2414 per
1864 2375 1909 2402 se
1953 2360 2094 2402 claris-

322 2439 453 2477 simus
495 2439 545 2477 sit
587 2435 862 2476 nihilominus
907 2435 1061 2484 Nobis,
1103 2434 1244 2476 solum
1292 2436 1344 2475 de
1377 2437 1545 2475 veritate
1592 2448 1732 2475 rerum
1779 2433 1982 2482 sollicitiS,
2028 2444 2093 2472 se-

324 2509 491 2558 quentia
533 2508 660 2547 dubia
695 2511 983 2555 occurrerunt,
1026 2507 1078 2547 ad
1123 2520 1231 2557 quae
1276 2505 1528 2546 resolvenda
1574 2508 1707 2546 statim
1742 2505 1893 2545 Sacrae
1927 2505 2093 2547 Rituum

325 2580 660 2629 Congregationi
694 2566 944 2629 sequentem
980 2580 1274 2629 quaestionem
1309 2579 1639 2629 proposuimus:

464 2674 650 2713 Utrum
692 2675 741 2713 vi
788 2674 1208 2713 Instructionis
1257 2686 1353 2713 seu
1398 2674 1742 2712 Litterarum
1793 2670 2092 2710 Sacrorum

324 2729 1084 2786 Rituum1Congregationis
1131 2733 1201 2771 dd.
1238 2735 1261 2772 5
1296 2732 1537 2782 Augusti
1595 2732 1735 2770 1898
1784 2726 2094 2769 nonnullae

324 2792 630 2841 paroeciae
670 2791 1207 2831 Archidioeceseos
1251 2792 1596 2842 jadertinae
1643 2790 1828 2829 adhuc
1873 2789 1959 2827 ius
2001 2787 2095 2826 ha-

326 2851 498 2889 beant
546 2851 610 2889 ad
659 2862 812 2889 usum
857 2851 1094 2900 linguae
1139 2850 1611 2900 palaeoslavicae
1655 2849 1703 2887 in
1751 2847 1790 2887 S.
1822 2847 2092 2896 Liturgia,

326 2921 385 2948 ex
419 2921 478 2948 eo
514 2909 659 2959 quod
695 2910 827 2948 olim
863 2910 966 2949 hac
1009 2910 1208 2960 lingua
1254 2909 1585 2956 utebantur,
1620 2908 1710 2947 vel
1746 2919 1807 2946 ex
1841 2918 1903 2945 eo
1938 2904 2094 2955 quod

326 2968 376 3006 in
411 2980 684 3017 praesens
719 2969 767 3007 in
802 2968 1013 3007 iisdem
1048 2969 1344 3018 paroeciis
1379 2965 1624 3017 populus
1657 2967 1817 3006 utitur
1849 2966 1894 3004 in
1919 2963 2094 3004 eadem

327 3026 365 3066 S.
408 3027 699 3077 Liturgia,
758 3039 899 3076 quae
949 3028 1131 3067 latine
1187 3027 1533 3078 perficitur,
1586 3024 1800 3076 lingua
1851 3023 2093 3064 slavica

324 3083 573 3135 vulgari?

468 3156 543 3194 l-lis
578 3156 795 3205 postulatis
830 3155 899 3196 SS.
923 3156 1088 3198 Rituum
1124 3156 1416 3206 Congregatio
1441 3154 1509 3195 die
1534 3156 1582 3194 18
1611 3153 1866 3194 Novembris
1900 3151 2095 3192 eiusdem

328 3214 422 3251 anni
463 3214 568 3253 1898
604 3215 825 3264 respondit
858 3219 985 3264 prout
1017 3217 1225 3265 sequitur:
