2243 3444
354 303 420 338 168
965 300 1146 334 Fontes
1173 299 1419 340 Liturgiae

449 447 617 496 Quod
653 446 843 484 attinet
878 445 1129 493 linguam
1164 443 1530 482 slavonicam
1565 443 1856 492 antiquam
1891 445 2080 494 (palaeo-

306 505 520 553 slavicam)
546 518 569 555 q
590 517 685 544 uae
712 505 870 542 etiam
894 503 1102 540 slavum
1126 500 1387 541 litterale
1411 502 1756 551 appellatur,
1779 503 1884 542 haec
1903 504 2077 553 quidem

307 570 430 632 prout
465 569 569 604 extat
605 565 642 603 in
678 563 933 607 Missalibus,
967 558 1167 608 Tabellis,
1214 561 1432 600 Breviariis
1467 564 1543 599 etc.
1580 561 1892 601 characteribus
1926 564 2078 603 l-liero-

306 625 509 676 nymianis
558 635 631 662 seu
667 619 933 671 glagoliticiS‚
978 620 1075 667 (nisi
1110 632 1130 659 a
1165 620 1313 660 Sancta
1347 618 1458 659 Sede
1493 621 1680 661 Romana
1726 620 1842 660 aliter
1887 622 2077 662 decisum

306 685 387 730 sit)
434 683 541 734 typis
576 684 747 731 insuper
781 680 1142 729 Congregationis
1177 679 1486 729 Propagandae
1520 679 1635 718 fidei
1670 680 1907 746 impressis,
1954 685 2078 732 atque

305 743 356 781 ab
393 742 539 781 eadem
576 741 613 780 S.
651 740 760 779 Sede
795 740 981 780 Romana
1015 738 1162 779 revisis
1197 743 1235 777 et
1268 738 1527 788 approbatiS,
1575 749 1654 788 pro
1695 739 1743 778 iis
1776 737 2079 781 Ecclesiasticis

307 806 343 840 et
377 800 689 846 Sacerdotibus,
715 799 783 848 qui
810 799 930 837 ritum
955 796 1271 837 Slavo-latinum
1296 797 1558 848 profitentur,
1593 798 1742 836 inter
1774 798 2080 849 liturgicas

305 859 381 898 lin
399 873 425 909 g
444 873 468 898 u
486 871 505 897 a
523 872 539 898 s
575 871 595 897 c
614 870 638 897 o
654 870 677 896 n
694 871 719 896 n
738 871 761 896 u
778 870 817 896 m
838 870 859 896 e
877 860 987 896 ratu
1001 869 1031 895 r.
1068 857 1171 904 (Cir.
1194 858 1323 896 Breve
1342 857 1500 896 Bened.
1516 856 1619 896 XlV.
1640 857 1707 895 26.
1729 857 1907 907 Augusti
1937 860 2078 908 1754.)

305 920 702 958 Verumtamen
739 929 905 966 quum
940 928 1074 955 usus
1096 917 1264 966 hujus
1288 916 1523 966 linguae
1545 928 1648 965 pro
1672 916 2080 959 functionibus

305 976 603 1027 liturgicis
639 978 683 1015 in
719 977 816 1014 has
849 989 873 1014 n
896 979 1051 1015 ostra
1076 976 1312 1015 Diocesi
1335 974 1928 1016 Parentino-Polensi
1961 981 2080 1018 tota

306 1049 407 1085 qua
443 1035 552 1074 late
589 1039 744 1085 patet
777 1036 825 1073 in
862 1046 1138 1084 praesens
1183 1033 1393 1074 nullibi
1437 1035 1652 1083 vigeat,
1689 1046 1882 1074 omnes
1916 1037 2079 1077 inno-

303 1097 564 1134 vationes
599 1096 697 1133 hac
732 1106 967 1144 quoque
1003 1094 1054 1132 in
1089 1098 1246 1144 parte
1282 1106 1490 1133 severe
1526 1093 1920 1134 interdicimus
1955 1108 2077 1135 con-
2101 1101 2110 1107 '

303 1156 726 1203 scientiamque
751 1154 1143 1192 Parochorum
1168 1154 1422 1203 desuper
1447 1153 1694 1203 graviter
1717 1157 2076 1203 oneramus.4)

444 1214 507 1251 Ne
543 1216 677 1252 autem
713 1212 930 1252 videamur
964 1213 1118 1253 Nostra
1151 1216 1307 1252 tantum
1338 1213 1444 1251 haec
1477 1212 1668 1251 statuisse
1702 1214 1942 1267 auctoritate
1977 1226 2000 1253 e
2032 1227 2076 1255 re

303 1273 496 1311 ducimus
530 1273 598 1311 hic
630 1273 908 1311 transcribere
943 1284 1004 1319 ea,
1040 1284 1148 1321 quae
1183 1272 1261 1311 sub
1286 1271 1412 1310 finem
1435 1269 1661 1310 litterarum
1695 1270 1847 1312 Excell.
1873 1284 1921 1312 ac
1951 1274 1994 1315 R.
2020 1275 2075 1313 mi

303 1332 472 1370 Domini
509 1332 651 1370 Nuntii
685 1332 923 1381 Apostolici
958 1332 1211 1371 Viennensis
1257 1331 1309 1370 de
1357 1331 1454 1369 dato
1496 1332 1538 1368 ll
1580 1331 1675 1380 Maji
1731 1333 1838 1371 1887
1886 1332 1937 1371 ad
1984 1334 2077 1373 Nos

300 1393 635 1430 transmissarum
677 1395 801 1440 atque
837 1391 889 1429 de
925 1391 1083 1440 Lingua
1122 1389 1430 1440 palaeoslavica
1465 1389 1775 1429 archidioecesi
1809 1391 2075 1431 Antibarensi

304 1462 378 1499 per
411 1449 449 1488 S.
486 1450 717 1491 Romanam
753 1450 908 1489 Sedem
956 1462 1034 1500 pro
1080 1450 1260 1499 Liturgia
1295 1461 1502 1489 concessa
1534 1451 1822 1488 tranctantium
1857 1448 2074 1500 leguntur:

306 1510 386 1557 „Ex
419 1509 534 1548 hisce
570 1510 770 1548 omnibus
810 1532 853 1535 —
893 1512 1110 1559 possunt.‘·
1152 1509 1259 1557 ([cfr.
1286 1509 1336 1548 N.
1368 1509 1520 1555 lOO]‚5)

441 1569 579 1618 Atque
614 1569 681 1607 hic
716 1573 776 1608 est
822 1569 943 1607 etiam
990 1581 1140 1608 sensus
1177 1569 1260 1607 Litt.
1298 1565 1495 1607 Pastoral.
1534 1568 1714 1618 Metrop.
1742 1568 1876 1608 Gorit.
1902 1570 1953 1609 Vl
1986 1568 2072 1611 Kal.

301 1628 553 1667 Decembris
593 1629 767 1676 1887,ὓ)
804 1629 875 1667 ubi
899 1629 1101 1678 legimus:
1144 1627 1315 1676 „Quare
1341 1639 1426 1666 non
1452 1627 1590 1665 minus
1614 1627 1929 1676 severissamae,
1965 1641 2074 1678 quae

440 1734 468 1772 4)
496 1732 548 1766 Ex
575 1732 691 1766 allatis
718 1733 752 1765 in
780 1733 962 1775 superiori
981 1732 1080 1766 Nota
1101 1733 1136 1772 2)
1156 1733 1267 1775 patet,
1296 1730 1536 1765 Ordinarium
1557 1730 1823 1765 dloecesanum
1843 1731 1879 1765 in
1898 1731 2074 1775 liturgicis

301 1779 385 1812 iuris
414 1779 642 1822 particularis
682 1780 892 1813 communis
931 1779 1059 1823 lllyrici
1099 1778 1354 1813 Occidentalis
1392 1778 1514 1812 forum
1552 1780 1772 1821 competens
1808 1789 1884 1813 non
1921 1779 2074 1821 habere;

302 1826 495 1870 quomodo
537 1827 644 1861 etiam
685 1837 730 1861 ex
765 1826 1023 1861 Decretalibus
1057 1825 1092 1861 S.
1121 1826 1267 1862 Rituum
1307 1825 1609 1868 congregationis
1642 1828 1660 1858 5
1690 1825 1847 1868 Augusti
1879 1827 1967 1863 1898
1994 1827 2074 1869 (cfr.

301 1874 344 1907 N.
375 1874 451 1915 109.
479 1884 515 1917 p.
541 1874 586 1909 92
613 1874 657 1908 N.
686 1874 736 1915 l).
782 1874 975 1908 Praeterea
1011 1875 1068 1908 ius
1096 1874 1141 1907 ad
1170 1884 1279 1907 usum
1319 1873 1486 1915 liturgiae
1515 1872 1703 1914 Glagolito
1722 1873 1941 1910 -Romanae
1975 1875 2076 1909 iuxta

304 1922 483 1963 principia
519 1921 699 1963 generalis
733 1932 755 1965 p
773 1922 1019 1965 rivilegii
1056 1921 1220 1955 realis
1257 1919 1336 1962 (cir.
1362 1920 1384 1955 l.
1412 1922 1458 1962 c.)
1487 1920 1768 1963 dijudicandum
1796 1923 1862 1955 est.
1915 1922 2003 1967 Qua
2029 1922 2075 1957 de

302 1977 413 2002 causa
440 1978 507 2002 nec
537 1968 758 2003 Ordinarius
787 1969 1012 2004 diocesanus
1041 1968 1152 2003 habet
1179 1967 1300 2002 forum
1330 1971 1552 2011 competens
1578 1968 1613 2001 in
1642 1967 1773 2002 eadem
1801 1970 1964 2012 materia,
2004 1980 2073 2004 nec

303 2025 324 2048 u
341 2025 357 2049 5
375 2026 394 2048 11
411 2025 428 2049 5
455 2016 502 2050 in
530 2027 553 2059 p
570 2026 584 2049 r
601 2027 620 2050 a
635 2027 654 2050 e
670 2027 687 2050 s
703 2027 721 2051 e
737 2027 759 2050 n
775 2027 792 2050 5
820 2027 841 2050 11
859 2027 919 2050 on
947 2017 1031 2058 vig
1047 2027 1065 2050 e
1082 2027 1103 2050 n
1119 2026 1136 2050 5
1164 2015 1300 2050 suflicit
1327 2015 1373 2050 ad
1402 2015 1665 2049 extinctionem
1689 2015 1857 2058 ejusdem
1884 2016 2074 2060 privilegii,

302 2063 496 2106 quomodo
537 2062 571 2098 S.
599 2063 746 2100 Rituum
791 2063 1045 2105 Congregatio
1087 2065 1129 2097 14
1170 2063 1327 2105 Augusti
1373 2062 1461 2097 1900
1500 2061 1579 2104 (cfr.
1613 2063 1658 2097 N.
1690 2062 1754 2098 109
1789 2063 1834 2105 A)
1863 2063 2073 2099 declaravit.

302 2109 483 2152 Tandem,
511 2111 613 2154 quod
642 2111 792 2145 saeculo
812 2111 894 2145 XlX
922 2111 1077 2145 durante
1105 2113 1139 2145 et
1166 2110 1288 2145 adhuc
1315 2110 1515 2154 postremis
1537 2110 1727 2144 decenniis
1747 2110 1915 2153 ejusdem
1936 2112 2074 2146 saeculi

302 2167 391 2191 usus
419 2157 584 2199 liturgiae
613 2157 1035 2201 Glagol'to—Romanae
1069 2159 1104 2192 in
1133 2158 1303 2192 Parentin
1321 2157 1497 2192 -Polensi
1526 2157 1689 2192 dioecesi
1716 2157 1762 2191 ab
1790 2158 2073 2194 immemorabili

302 2204 477 2239 inductus
503 2206 670 2247 viguerit,
707 2216 749 2240 ex
777 2207 847 2239 iam
877 2205 992 2240 allatis
1020 2206 1064 2240 N.
1084 2205 1254 2247 267-297,
1281 2204 1475 2239 indubium
1517 2206 1582 2239 est.
1633 2205 1686 2239 Ex
1713 2205 1804 2248 ipsis
1830 2208 1942 2249 patet,
1970 2207 2071 2251 quod

302 2254 454 2294 propter
495 2252 680 2287 defectum
721 2253 960 2287 sacerdotum
1000 2253 1162 2295 linguam
1206 2252 1517 2296 palaeoslavicam
1561 2252 1769 2286 callentium
1799 2252 1879 2294 (cir.
1908 2253 1951 2287 N.
1982 2254 2027 2288 65
2043 2264 2074 2297 a,

303 2299 345 2332 73
362 2301 408 2339 a.)
437 2300 654 2334 sacerdotes
682 2300 781 2334 latini
817 2303 931 2334 marte
965 2302 1118 2344 proprio
1146 2300 1307 2342 linguam
1336 2299 1484 2333 latinam
1513 2300 1549 2333 in
1577 2300 1690 2334 missa
1717 2300 2012 2343 palaeoslavicae
2039 2304 2072 2336 et

302 2346 335 2379 in
365 2346 493 2381 Rituali
523 2347 663 2389 vulgari
692 2348 875 2382 croaticae
908 2347 1196 2387 substituerunt;
1233 2350 1268 2381 et
1295 2347 1396 2391 quod
1426 2347 1618 2381 innovatio
1646 2347 1742 2381 facta
1769 2348 1824 2382 est
1852 2350 1981 2382 contra
2006 2348 2071 2382 lin-

303 2403 392 2433 guas
420 2393 606 2436 liturgicas
633 2394 801 2437 slavicas,
829 2405 924 2438 quae
952 2396 986 2428 in
1014 2396 1244 2438 praescripto
1272 2394 1435 2436 legitimo
1464 2403 1533 2428 usu
1561 2394 1747 2436 vigebant,
1776 2397 1810 2429 et
1838 2405 1915 2429 non
1943 2398 2072 2430 contra

304 2440 466 2481 linguam
494 2441 654 2476 latinam.

444 2492 469 2516 51
497 2489 650 2523 Litterae
684 2490 810 2524 Nuntii
846 2489 1054 2532 Apostolici
1094 2488 1171 2529 (cfr.
1200 2489 1244 2523 N.
1277 2489 1356 2529 100)
1392 2499 1457 2532 pel·
1493 2499 1532 2523 se
1568 2489 1759 2533 loquendo
1794 2490 1895 2524 nullo
1935 2491 2072 2526 robore

302 2535 457 2568 iuridico
486 2536 519 2569 in
547 2536 723 2578 liturgicis
751 2537 906 2580 pollent:
935 2547 1049 2581 quum
1078 2537 1299 2571 Nuntiatura
1326 2535 1545 2579 Apostolica
1572 2547 1739 2578 organon
1760 2537 1967 2579 liturgicum
1996 2548 2071 2572 non

303 2583 442 2623 existat,
471 2584 570 2617 iuxta
597 2585 767 2627 superius
796 2595 828 2618 11.
857 2585 876 2617 2
904 2584 1025 2618 relata.
1054 2584 1134 2618 Alia
1161 2594 1204 2618 ex
1231 2585 1334 2627 parte
1362 2583 1515 2618 eaedem
1545 2583 1698 2618 Litterae
1726 2595 1802 2618 non
1831 2584 2069 2628 proscribunt

304 2638 410 2662 usum
438 2629 603 2671 liturgiae
632 2631 820 2673 Glagolito
836 2650 852 2655 -
869 2631 1058 2668 Romanae
1084 2632 1155 2665 iam
1183 2631 1346 2673 legitimo
1367 2630 1482 2665 modo
1503 2630 1548 2665 ab
1568 2631 1849 2665 immemorabili
1869 2632 2068 2674 vigentem,

304 2675 382 2715 (cir
409 2677 453 2710 N
485 2678 549 2710 100
577 2680 691 2715 nota).
719 2679 914 2722 quomodo
943 2689 1052 2713 casus
1080 2681 1135 2713 est
1162 2679 1197 2712 in
1227 2679 1391 2712 dioecesi
1419 2678 1626 2712 Parentin-
1640 2678 1800 2713 Polensi.

466 2724 654 2760 >Litterae
694 2726 904 2760 Pastorales
939 2727 1205 2769 episcoporum
1234 2725 1456 2760 Goritiensis
1496 2725 1756 2768 Metropoleos
1788 2728 1902 2770 agunt
1929 2728 2070 2761 tantum

303 2769 348 2803 dc
377 2728 459 2803 daim
466 2782 508 2804 na
504 2772 598 2805 ndis
626 2772 693 2807 illis
721 2773 792 2816 eph
798 2773 1035 2815 emeiidibus,
1063 2783 1157 2816 quae
1176 2773 1457 2807 innovationem
1477 2774 1734 2816 propugnant.
1761 2773 1941 2815 integram
1968 2773 2070 2808 litur-

303 2817 400 2857 giam
428 2816 553 2859 lingua
581 2824 720 2853 tantum
749 2820 889 2862 vulgari
910 2820 1170 2854 celebrandam
1191 2830 1291 2860 esse;
1320 2819 1366 2854 de
1388 2829 1456 2853 usu
1475 2819 1595 2861 liturg:
1599 2830 1641 2854 ae
1662 2818 1871 2862 Glagolito-
1875 2820 2067 2857 Romanae

304 2863 358 2897 vel
399 2864 543 2906 linguae
585 2868 766 2901 croaticae
805 2867 966 2911 vulgaris
994 2868 1029 2901 in
1057 2866 1313 2909 Evangeliario
1354 2868 1388 2900 et
1427 2866 1557 2902 Rituali
1598 2867 1767 2903 Romano
1808 2877 1876 2901 nec
1915 2867 2069 2902 verbum

302 2911 452 2953 quidem
481 2912 634 2948 habent:
662 2915 857 2957 quomodo
886 2925 929 2948 ex
956 2915 1039 2958 ipso
1068 2916 1168 2949 textu
1196 2915 1308 2957 patet.

302 2981 508 3017 Venerabili
539 2984 649 3018 Clero
678 2986 871 3020 universae
898 2986 1112 3028 provinciae
1136 2984 1430 3026 metropoliticae
1459 2984 1682 3020 Goritiensis
1707 2985 1863 3019 salutem
1891 2988 1926 3020 et
1951 2984 2066 3020 bene-

586 3031 785 3066 dictionem
814 3044 833 3066 a
861 3033 1027 3067 Domino
1056 3034 1091 3067 et
1119 3031 1309 3067 Salvatore
1336 3033 1465 3066 nostro
1493 3031 1578 3074 Jesu
1608 3032 1778 3067 Christo!

714 3102 963 3142 Venerabiles,
993 3103 1220 3138 dilectissimi
1247 3103 1283 3137 in
1313 3102 1463 3136 Christo
1492 3102 1654 3137 Fratres!

444 3158 620 3203 Episcopi
640 3161 854 3204 provinciae
873 3161 1169 3205 metropoliticae
1190 3161 1424 3203 Goritiensis,
1444 3161 1504 3204 qui
1528 3161 1574 3195 de
1594 3162 1820 3203 gravissimis
1841 3161 2067 3196 dioeceseon

302 3214 450 3284 suarum
487 3205 596 3287 rebus
633 3208 873 3242 consultaturi
911 3208 1093 3243 Goritiam
1135 3210 1402 3250 convenerunt,
1442 3207 1608 3250 religioni
1648 3208 1716 3243 sibi
1759 3209 1942 3243 duxerunt
1976 3208 2068 3242 haec

302 3261 348 3293 pa
366 3262 422 3285 am
451 3263 548 3286 enun
567 3264 650 3288 iare.
