<?xml version="1.0" encoding="UTF-8"?>
<!DOCTYPE html PUBLIC "-//W3C//DTD XHTML 1.0 Transitional//EN"
    "http://www.w3.org/TR/xhtml1/DTD/xhtml1-transitional.dtd">
<html xmlns="http://www.w3.org/1999/xhtml" xml:lang="en" lang="en">
 <head>
  <title>
</title>
<meta http-equiv="Content-Type" content="text/html;charset=utf-8" />
  <meta name='ocr-system' content='tesseract 3.04.00' />
  <meta name='ocr-capabilities' content='ocr_page ocr_carea ocr_par ocr_line ocrx_word'/>
</head>
<body>
  <div class='ocr_page' id='page_1' title='image "./fonteshistoricil00jeliuoft/fonteshistoricil00jeliuoft_0424.png"; bbox 0 0 2243 3444; ppageno 0'>
   <div class='ocr_carea' id='block_1_1' title="bbox 401 334 1494 376">
    <p class='ocr_par' dir='ltr' id='par_1_1' title="bbox 401 334 1494 376">
     <span class='ocr_line' id='line_1_1' title="bbox 401 334 1494 376; baseline -0.002 -5"><span class='ocrx_word' id='word_1_1' title='bbox 401 336 446 371; x_wconf 85' lang='lat'>82</span> <span class='ocrx_word' id='word_1_2' title='bbox 980 334 1177 368; x_wconf 86' lang='lat' dir='ltr'>Fontes</span> <span class='ocrx_word' id='word_1_3' title='bbox 1205 334 1494 376; x_wconf 88' lang='lat' dir='ltr'>Liturgiae.</span> 
     </span>
    </p>
   </div>
   <div class='ocr_carea' id='block_1_2' title="bbox 353 395 1516 399">
    <p class='ocr_par' dir='ltr' id='par_1_2' title="bbox 353 395 1516 399">
     <span class='ocr_line' id='line_1_2' title="bbox 353 395 1516 399; baseline 0 0"><span class='ocrx_word' id='word_1_4' title='bbox 353 395 1516 399; x_wconf 95' lang='lat' dir='ltr'> </span> 
     </span>
    </p>
   </div>
   <div class='ocr_carea' id='block_1_3' title="bbox 351 476 2222 587">
    <p class='ocr_par' dir='ltr' id='par_1_3' title="bbox 351 476 2222 591">
     <span class='ocr_line' id='line_1_3' title="bbox 352 476 2222 528; baseline -0.001 -9"><span class='ocrx_word' id='word_1_5' title='bbox 352 491 446 519; x_wconf 92' lang='lat' dir='ltr'>mus</span> <span class='ocrx_word' id='word_1_6' title='bbox 478 477 578 518; x_wconf 86' lang='lat' dir='ltr'>nihil</span> <span class='ocrx_word' id='word_1_7' title='bbox 613 479 652 518; x_wconf 88' lang='lat' dir='ltr'>in</span> <span class='ocrx_word' id='word_1_8' title='bbox 688 490 777 518; x_wconf 92' lang='lat' dir='ltr'>eam</span> <span class='ocrx_word' id='word_1_9' title='bbox 813 478 1039 516; x_wconf 79' lang='lat' dir='ltr'>incurrisse</span> <span class='ocrx_word' id='word_1_10' title='bbox 1074 477 1193 527; x_wconf 85' lang='lat' dir='ltr'>quod</span> <span class='ocrx_word' id='word_1_11' title='bbox 1228 478 1306 516; x_wconf 91' lang='lat' dir='ltr'>sub</span> <span class='ocrx_word' id='word_1_12' title='bbox 1342 478 1614 527; x_wconf 84' lang='lat' dir='ltr'>Dogmatico‚</span> <span class='ocrx_word' id='word_1_13' title='bbox 1650 477 1796 518; x_wconf 89' lang='lat' dir='ltr'>morali</span> <span class='ocrx_word' id='word_1_14' title='bbox 1831 490 1880 518; x_wconf 90' lang='lat' dir='ltr'>ac</span> <span class='ocrx_word' id='word_1_15' title='bbox 1911 476 2117 528; x_wconf 85' lang='lat' dir='ltr'>religioso</span> <span class='ocrx_word' id='word_1_16' title='bbox 2187 479 2222 511; x_wconf 59' lang='grc' dir='ltr'><strong>Ἠ</strong></span> 
     </span>
     <span class='ocr_line' id='line_1_4' title="bbox 351 535 2118 587; baseline 0.001 -10"><span class='ocrx_word' id='word_1_17' title='bbox 351 539 499 578; x_wconf 89' lang='lat' dir='ltr'>obtutu</span> <span class='ocrx_word' id='word_1_18' title='bbox 533 538 775 577; x_wconf 80' lang='lat' dir='ltr'>adversetur</span> <span class='ocrx_word' id='word_1_19' title='bbox 808 537 991 575; x_wconf 90' lang='lat' dir='ltr'>unanimi</span> <span class='ocrx_word' id='word_1_20' title='bbox 1027 537 1169 576; x_wconf 88' lang='lat' dir='ltr'>sensui</span> <span class='ocrx_word' id='word_1_21' title='bbox 1197 535 1440 576; x_wconf 83' lang='lat' dir='ltr'>Catholicae</span> <span class='ocrx_word' id='word_1_22' title='bbox 1465 535 1690 585; x_wconf 80' lang='lat' dir='ltr'>Ecclesiae,</span> <span class='ocrx_word' id='word_1_23' title='bbox 1726 538 1913 587; x_wconf 88' lang='lat' dir='ltr'>ideoque</span> <span class='ocrx_word' id='word_1_24' title='bbox 1948 539 2118 577; x_wconf 90' lang='lat' dir='ltr'>minime</span> 
     </span>
    </p>
   </div>
   <div class='ocr_carea' id='block_1_4' title="bbox 351 594 2120 647">
    <p class='ocr_par' dir='ltr' id='par_1_4' title="bbox 351 594 2120 647">
     <span class='ocr_line' id='line_1_5' title="bbox 351 594 2120 647; baseline 0 -10"><span class='ocrx_word' id='word_1_25' title='bbox 351 598 519 637; x_wconf 91' lang='lat' dir='ltr'>obstare</span> <span class='ocrx_word' id='word_1_26' title='bbox 554 609 640 647; x_wconf 85' lang='lat' dir='ltr'>quo</span> <span class='ocrx_word' id='word_1_27' title='bbox 675 595 824 635; x_wconf 81' lang='lat' dir='ltr'>Sacrae</span> <span class='ocrx_word' id='word_1_28' title='bbox 850 594 1188 644; x_wconf 85' lang='lat' dir='ltr'>Congregationi</span> <span class='ocrx_word' id='word_1_29' title='bbox 1211 595 1263 634; x_wconf 92' lang='lat' dir='ltr'>de</span> <span class='ocrx_word' id='word_1_30' title='bbox 1284 596 1566 646; x_wconf 74' lang='lat' dir='ltr'>Propaganda</span> <span class='ocrx_word' id='word_1_31' title='bbox 1590 597 1689 636; x_wconf 82' lang='lat' dir='ltr'>Eide</span> <span class='ocrx_word' id='word_1_32' title='bbox 1709 598 1963 647; x_wconf 87' lang='lat' dir='ltr'>praesentari</span> <span class='ocrx_word' id='word_1_33' title='bbox 1984 598 2120 647; x_wconf 85' lang='lat' dir='ltr'>possit</span> 
     </span>
    </p>
   </div>
   <div class='ocr_carea' id='block_1_5' title="bbox 351 652 2117 705">
    <p class='ocr_par' dir='ltr' id='par_1_5' title="bbox 351 645 2224 705">
     <span class='ocr_line' id='line_1_6' title="bbox 351 652 2117 705; baseline 0.001 -10"><span class='ocrx_word' id='word_1_34' title='bbox 351 657 403 695; x_wconf 90' lang='lat' dir='ltr'>ad</span> <span class='ocrx_word' id='word_1_35' title='bbox 436 654 683 703; x_wconf 78' lang='lat' dir='ltr'>facultatem,</span> <span class='ocrx_word' id='word_1_36' title='bbox 728 658 769 693; x_wconf 90' lang='lat' dir='ltr'>ut</span> <span class='ocrx_word' id='word_1_37' title='bbox 801 655 908 705; x_wconf 90' lang='lat' dir='ltr'>typis</span> <span class='ocrx_word' id='word_1_38' title='bbox 942 654 1131 693; x_wconf 90' lang='lat' dir='ltr'>mandari</span> <span class='ocrx_word' id='word_1_39' title='bbox 1176 652 1320 704; x_wconf 86' lang='lat' dir='ltr'>valeat,</span> <span class='ocrx_word' id='word_1_40' title='bbox 1356 655 1644 694; x_wconf 88' lang='lat' dir='ltr'>obtinendam.</span> <span class='ocrx_word' id='word_1_41' title='bbox 1674 679 1719 683; x_wconf 94' lang='lat'><strong>—</strong></span> <span class='ocrx_word' id='word_1_42' title='bbox 1747 655 1813 695; x_wconf 85' lang='lat' dir='ltr'>Ab</span> <span class='ocrx_word' id='word_1_43' title='bbox 1848 655 2117 696; x_wconf 85' lang='lat' dir='ltr'>Ordinariatu</span> 
     </span>
    </p>
   </div>
   <div class='ocr_carea' id='block_1_6' title="bbox 350 712 1388 766">
    <p class='ocr_par' dir='ltr' id='par_1_6' title="bbox 350 712 1388 766">
     <span class='ocr_line' id='line_1_7' title="bbox 350 712 1388 766; baseline 0 -12"><span class='ocrx_word' id='word_1_44' title='bbox 350 713 589 766; x_wconf 77' lang='lat' dir='ltr'>EpiScopali</span> <span class='ocrx_word' id='word_1_45' title='bbox 622 712 781 763; x_wconf 87' lang='lat' dir='ltr'>Veglae</span> <span class='ocrx_word' id='word_1_46' title='bbox 817 713 883 752; x_wconf 92' lang='lat' dir='ltr'>die</span> <span class='ocrx_word' id='word_1_47' title='bbox 919 714 943 752; x_wconf 86' lang='lat'>9</span> <span class='ocrx_word' id='word_1_48' title='bbox 968 713 1227 753; x_wconf 88' lang='lat' dir='ltr'>Novembris</span> <span class='ocrx_word' id='word_1_49' title='bbox 1266 715 1388 754; x_wconf 88' lang='grc'>1875.</span> 
     </span>
    </p>
   </div>
   <div class='ocr_carea' id='block_1_7' title="bbox 632 807 1974 859">
    <p class='ocr_par' dir='ltr' id='par_1_7' title="bbox 632 807 1974 859">
     <span class='ocr_line' id='line_1_8' title="bbox 632 807 1974 859; baseline 0 -11"><span class='ocrx_word' id='word_1_50' title='bbox 632 810 672 848; x_wconf 89' lang='lat' dir='ltr'>L.</span> <span class='ocrx_word' id='word_1_51' title='bbox 697 807 735 847; x_wconf 91' lang='lat' dir='ltr'>S.</span> <span class='ocrx_word' id='word_1_52' title='bbox 1240 809 1427 859; x_wconf 86' lang='lat' dir='ltr'>Joannes</span> <span class='ocrx_word' id='word_1_53' title='bbox 1459 809 1687 859; x_wconf 81' lang='lat' dir='ltr'>josephus,</span> <span class='ocrx_word' id='word_1_54' title='bbox 1722 809 1974 859; x_wconf 81' lang='lat' dir='ltr'>Episcopus.</span> 
     </span>
    </p>
   </div>
   <div class='ocr_carea' id='block_1_8' title="bbox 347 938 2118 1108">
    <p class='ocr_par' dir='ltr' id='par_1_8' title="bbox 347 938 2118 1108">
     <span class='ocr_line' id='line_1_9' title="bbox 486 938 2118 988; baseline 0.001 -11"><span class='ocrx_word' id='word_1_55' title='bbox 486 938 721 977; x_wconf 87' lang='lat' dir='ltr'>Examinata</span> <span class='ocrx_word' id='word_1_56' title='bbox 756 939 952 988; x_wconf 89' lang='lat' dir='ltr'>superius</span> <span class='ocrx_word' id='word_1_57' title='bbox 995 939 1208 978; x_wconf 88' lang='lat' dir='ltr'>nominata</span> <span class='ocrx_word' id='word_1_58' title='bbox 1241 938 1507 988; x_wconf 85' lang='lat' dir='ltr'>Appendice‚</span> <span class='ocrx_word' id='word_1_59' title='bbox 1558 938 1720 978; x_wconf 88' lang='lat' dir='ltr'>accedo</span> <span class='ocrx_word' id='word_1_60' title='bbox 1754 938 1912 977; x_wconf 91' lang='lat' dir='ltr'>iudicio</span> <span class='ocrx_word' id='word_1_61' title='bbox 1948 941 1987 978; x_wconf 94' lang='lat' dir='ltr'>et</span> <span class='ocrx_word' id='word_1_62' title='bbox 2024 950 2118 978; x_wconf 89' lang='lat' dir='ltr'>sen—</span> 
     </span>
     <span class='ocr_line' id='line_1_10' title="bbox 347 995 2118 1048; baseline -0.001 -10"><span class='ocrx_word' id='word_1_63' title='bbox 347 999 495 1038; x_wconf 93' lang='lat' dir='ltr'>tentiae</span> <span class='ocrx_word' id='word_1_64' title='bbox 530 997 633 1038; x_wconf 76' lang='lat' dir='ltr'>Rmi.</span> <span class='ocrx_word' id='word_1_65' title='bbox 670 997 965 1037; x_wconf 89' lang='lat' dir='ltr'>Ordinariatus</span> <span class='ocrx_word' id='word_1_66' title='bbox 998 995 1224 1047; x_wconf 89' lang='lat' dir='ltr'>Veglensis</span> <span class='ocrx_word' id='word_1_67' title='bbox 1258 997 1444 1048; x_wconf 90' lang='lat' dir='ltr'>desuper</span> <span class='ocrx_word' id='word_1_68' title='bbox 1471 995 1657 1048; x_wconf 86' lang='lat' dir='ltr'>prolatis,</span> <span class='ocrx_word' id='word_1_69' title='bbox 1691 995 1946 1037; x_wconf 90' lang='lat' dir='ltr'>humillimas</span> <span class='ocrx_word' id='word_1_70' title='bbox 1967 1009 2118 1047; x_wconf 89' lang='lat' dir='ltr'>preces</span> 
     </span>
     <span class='ocr_line' id='line_1_11' title="bbox 348 1054 2040 1108; baseline -0.001 -11"><span class='ocrx_word' id='word_1_71' title='bbox 348 1069 462 1097; x_wconf 90' lang='lat' dir='ltr'>meas</span> <span class='ocrx_word' id='word_1_72' title='bbox 496 1056 698 1105; x_wconf 83' lang='lat' dir='ltr'>adiungo,</span> <span class='ocrx_word' id='word_1_73' title='bbox 735 1060 777 1095; x_wconf 93' lang='lat' dir='ltr'>ut</span> <span class='ocrx_word' id='word_1_74' title='bbox 809 1057 916 1108; x_wconf 91' lang='lat' dir='ltr'>typis</span> <span class='ocrx_word' id='word_1_75' title='bbox 947 1054 1155 1106; x_wconf 81' lang='lat' dir='ltr'>vulgetur.</span> <span class='ocrx_word' id='word_1_76' title='bbox 1197 1080 1240 1084; x_wconf 93' lang='lat'>—</span> <span class='ocrx_word' id='word_1_77' title='bbox 1279 1057 1469 1106; x_wconf 87' lang='lat' dir='ltr'>Tergesti</span> <span class='ocrx_word' id='word_1_78' title='bbox 1504 1056 1572 1096; x_wconf 91' lang='lat' dir='ltr'>die</span> <span class='ocrx_word' id='word_1_79' title='bbox 1606 1058 1631 1096; x_wconf 85' lang='lat'><strong>4</strong></span> <span class='ocrx_word' id='word_1_80' title='bbox 1666 1056 1878 1095; x_wconf 83' lang='lat' dir='ltr'>Februarii</span> <span class='ocrx_word' id='word_1_81' title='bbox 1917 1057 2040 1097; x_wconf 85' lang='lat'>1876.</span> 
     </span>
    </p>
   </div>
   <div class='ocr_carea' id='block_1_9' title="bbox 630 1151 1971 1201">
    <p class='ocr_par' dir='ltr' id='par_1_9' title="bbox 630 1151 1971 1201">
     <span class='ocr_line' id='line_1_12' title="bbox 630 1151 1971 1201; baseline -0.001 -10"><span class='ocrx_word' id='word_1_82' title='bbox 630 1153 669 1191; x_wconf 88' lang='lat' dir='ltr'>L.</span> <span class='ocrx_word' id='word_1_83' title='bbox 695 1151 733 1191; x_wconf 88' lang='lat' dir='ltr'>S.</span> <span class='ocrx_word' id='word_1_84' title='bbox 1467 1151 1686 1200; x_wconf 81' lang='lat' dir='ltr'>Georgius</span> <span class='ocrx_word' id='word_1_85' title='bbox 1719 1151 1971 1201; x_wconf 83' lang='lat' dir='ltr'>Episcopus.</span> 
     </span>
    </p>
   </div>
   <div class='ocr_carea' id='block_1_10' title="bbox 346 1279 2115 1449">
    <p class='ocr_par' dir='ltr' id='par_1_10' title="bbox 346 1279 2115 1449">
     <span class='ocr_line' id='line_1_13' title="bbox 488 1279 2115 1321; baseline 0.001 -1"><span class='ocrx_word' id='word_1_86' title='bbox 488 1282 640 1321; x_wconf 83' lang='lat' dir='ltr'>Missae</span> <span class='ocrx_word' id='word_1_87' title='bbox 677 1282 714 1320; x_wconf 91' lang='lat' dir='ltr'>in</span> <span class='ocrx_word' id='word_1_88' title='bbox 749 1282 834 1320; x_wconf 86' lang='lat' dir='ltr'>hoc</span> <span class='ocrx_word' id='word_1_89' title='bbox 858 1279 1019 1320; x_wconf 87' lang='lat' dir='ltr'>Libello</span> <span class='ocrx_word' id='word_1_90' title='bbox 1045 1284 1265 1320; x_wconf 86' lang='lat' dir='ltr'>contentae</span> <span class='ocrx_word' id='word_1_91' title='bbox 1299 1279 1477 1320; x_wconf 78' lang='lat' dir='ltr'>fideliter</span> <span class='ocrx_word' id='word_1_92' title='bbox 1511 1282 1550 1320; x_wconf 90' lang='lat' dir='ltr'>in</span> <span class='ocrx_word' id='word_1_93' title='bbox 1576 1279 1784 1320; x_wconf 89' lang='lat' dir='ltr'>Slavicum</span> <span class='ocrx_word' id='word_1_94' title='bbox 1807 1281 1964 1320; x_wconf 88' lang='lat' dir='ltr'>idioma</span> <span class='ocrx_word' id='word_1_95' title='bbox 1985 1283 2115 1321; x_wconf 91' lang='lat' dir='ltr'>trans-</span> 
     </span>
     <span class='ocr_line' id='line_1_14' title="bbox 346 1338 2113 1390; baseline -0.001 -10"><span class='ocrx_word' id='word_1_96' title='bbox 346 1339 449 1380; x_wconf 84' lang='lat' dir='ltr'>latae</span> <span class='ocrx_word' id='word_1_97' title='bbox 492 1345 586 1380; x_wconf 90' lang='lat' dir='ltr'>sunt</span> <span class='ocrx_word' id='word_1_98' title='bbox 620 1353 669 1380; x_wconf 84' lang='lat' dir='ltr'>ex</span> <span class='ocrx_word' id='word_1_99' title='bbox 701 1340 952 1390; x_wconf 80' lang='lat' dir='ltr'>Appendice</span> <span class='ocrx_word' id='word_1_100' title='bbox 997 1338 1117 1379; x_wconf 88' lang='lat' dir='ltr'>latina</span> <span class='ocrx_word' id='word_1_101' title='bbox 1163 1341 1388 1379; x_wconf 86' lang='lat' dir='ltr'>Missarum</span> <span class='ocrx_word' id='word_1_102' title='bbox 1436 1352 1513 1390; x_wconf 94' lang='lat' dir='ltr'>pro</span> <span class='ocrx_word' id='word_1_103' title='bbox 1558 1340 1691 1379; x_wconf 89' lang='lat' dir='ltr'>tribus</span> <span class='ocrx_word' id='word_1_104' title='bbox 1737 1340 1975 1380; x_wconf 89' lang='lat' dir='ltr'>Ordinibus</span> <span class='ocrx_word' id='word_1_105' title='bbox 2008 1339 2048 1380; x_wconf 90' lang='lat' dir='ltr'>S.</span> <span class='ocrx_word' id='word_1_106' title='bbox 2071 1341 2113 1379; x_wconf 87' lang='grc' dir='ltr'>Ρ.</span> 
     </span>
     <span class='ocr_line' id='line_1_15' title="bbox 346 1399 2113 1449; baseline -0.001 -10"><span class='ocrx_word' id='word_1_107' title='bbox 346 1401 551 1439; x_wconf 70' lang='lat' dir='ltr'>francisci</span> <span class='ocrx_word' id='word_1_108' title='bbox 586 1412 619 1439; x_wconf 91' lang='lat' dir='ltr'>a.</span> <span class='ocrx_word' id='word_1_109' title='bbox 646 1399 685 1439; x_wconf 89' lang='lat' dir='ltr'>S.</span> <span class='ocrx_word' id='word_1_110' title='bbox 711 1401 784 1441; x_wconf 79' lang='lat' dir='ltr'>Rit.</span> <span class='ocrx_word' id='word_1_111' title='bbox 809 1400 1157 1448; x_wconf 83' lang='lat' dir='ltr'>Congregatione</span> <span class='ocrx_word' id='word_1_112' title='bbox 1181 1400 1426 1449; x_wconf 86' lang='lat' dir='ltr'>approbata.</span> <span class='ocrx_word' id='word_1_113' title='bbox 1463 1400 1620 1441; x_wconf 78' lang='lat' dir='ltr'>Romae</span> <span class='ocrx_word' id='word_1_114' title='bbox 1644 1399 1710 1438; x_wconf 91' lang='lat' dir='ltr'>die</span> <span class='ocrx_word' id='word_1_115' title='bbox 1736 1401 1759 1438; x_wconf 86' lang='lat'>2</span> <span class='ocrx_word' id='word_1_116' title='bbox 1784 1399 1962 1449; x_wconf 83' lang='lat' dir='ltr'>Augusti</span> <span class='ocrx_word' id='word_1_117' title='bbox 1991 1400 2113 1439; x_wconf 88' lang='lat'>1879.</span> 
     </span>
    </p>
   </div>
   <div class='ocr_carea' id='block_1_11' title="bbox 1387 1492 2053 1541">
    <p class='ocr_par' dir='ltr' id='par_1_11' title="bbox 1387 1492 2053 1541">
     <span class='ocr_line' id='line_1_16' title="bbox 1387 1492 2053 1541; baseline 0 -9"><span class='ocrx_word' id='word_1_118' title='bbox 1387 1492 1569 1533; x_wconf 88' lang='lat' dir='ltr'>Carolus</span> <span class='ocrx_word' id='word_1_119' title='bbox 1604 1493 1760 1541; x_wconf 76' lang='lat' dir='ltr'>Parcic&#39;‚</span> <span class='ocrx_word' id='word_1_120' title='bbox 1796 1493 2053 1533; x_wconf 90' lang='lat' dir='ltr'>Canonicus.</span> 
     </span>
    </p>
   </div>
   <div class='ocr_carea' id='block_1_12' title="bbox 482 1621 2053 1790">
    <p class='ocr_par' dir='ltr' id='par_1_12' title="bbox 482 1621 2053 1790">
     <span class='ocr_line' id='line_1_17' title="bbox 482 1621 2053 1673; baseline 0 -11"><span class='ocrx_word' id='word_1_121' title='bbox 482 1622 593 1663; x_wconf 88' lang='lat' dir='ltr'>Nihil</span> <span class='ocrx_word' id='word_1_122' title='bbox 629 1624 766 1663; x_wconf 90' lang='lat' dir='ltr'>obstat</span> <span class='ocrx_word' id='word_1_123' title='bbox 800 1623 1030 1673; x_wconf 86' lang='lat' dir='ltr'>quominus</span> <span class='ocrx_word' id='word_1_124' title='bbox 1064 1624 1219 1662; x_wconf 86' lang='lat' dir='ltr'>Missae</span> <span class='ocrx_word' id='word_1_125' title='bbox 1254 1624 1450 1673; x_wconf 89' lang='lat' dir='ltr'>superius</span> <span class='ocrx_word' id='word_1_126' title='bbox 1483 1621 1634 1662; x_wconf 85' lang='lat' dir='ltr'>relatae</span> <span class='ocrx_word' id='word_1_127' title='bbox 1669 1623 1850 1673; x_wconf 89' lang='lat' dir='ltr'>imprimi</span> <span class='ocrx_word' id='word_1_128' title='bbox 1879 1621 2053 1662; x_wconf 89' lang='lat' dir='ltr'>valeant.</span> 
     </span>
     <span class='ocr_line' id='line_1_18' title="bbox 483 1682 1524 1731; baseline -0.001 -10"><span class='ocrx_word' id='word_1_129' title='bbox 483 1684 538 1721; x_wconf 84' lang='lat' dir='ltr'>Ex</span> <span class='ocrx_word' id='word_1_130' title='bbox 572 1682 800 1722; x_wconf 87' lang='lat' dir='ltr'>Secretaria</span> <span class='ocrx_word' id='word_1_131' title='bbox 835 1682 874 1722; x_wconf 91' lang='lat' dir='ltr'>S.</span> <span class='ocrx_word' id='word_1_132' title='bbox 901 1683 1066 1724; x_wconf 76' lang='lat' dir='ltr'>Rituum</span> <span class='ocrx_word' id='word_1_133' title='bbox 1102 1682 1264 1731; x_wconf 88' lang='lat' dir='ltr'>Congr.</span> <span class='ocrx_word' id='word_1_134' title='bbox 1301 1683 1368 1721; x_wconf 91' lang='lat' dir='ltr'>die</span> <span class='ocrx_word' id='word_1_135' title='bbox 1404 1683 1524 1721; x_wconf 90' lang='lat' dir='ltr'>dicta.</span> 
     </span>
     <span class='ocr_line' id='line_1_19' title="bbox 486 1739 2052 1790; baseline -0.001 -10"><span class='ocrx_word' id='word_1_136' title='bbox 486 1743 524 1780; x_wconf 87' lang='lat' dir='ltr'>L.</span> <span class='ocrx_word' id='word_1_137' title='bbox 547 1741 585 1781; x_wconf 91' lang='lat' dir='ltr'>S.</span> <span class='ocrx_word' id='word_1_138' title='bbox 984 1739 1091 1780; x_wconf 75' lang='lat' dir='ltr'>Plac.</span> <span class='ocrx_word' id='word_1_139' title='bbox 1118 1739 1218 1783; x_wconf 80' lang='lat' dir='ltr'>Ralli</span> <span class='ocrx_word' id='word_1_140' title='bbox 1253 1740 1292 1781; x_wconf 90' lang='lat' dir='ltr'>S.</span> <span class='ocrx_word' id='word_1_141' title='bbox 1319 1742 1362 1783; x_wconf 82' lang='lat' dir='ltr'>R.</span> <span class='ocrx_word' id='word_1_142' title='bbox 1389 1741 1749 1790; x_wconf 85' lang='lat' dir='ltr'>Congregationis</span> <span class='ocrx_word' id='word_1_143' title='bbox 1783 1740 2052 1780; x_wconf 88' lang='lat' dir='ltr'>Secretarius.</span> 
     </span>
    </p>
   </div>
   <div class='ocr_carea' id='block_1_13' title="bbox 626 1837 2051 1957">
    <p class='ocr_par' dir='ltr' id='par_1_13' title="bbox 626 1837 2051 1957">
     <span class='ocr_line' id='line_1_20' title="bbox 626 1837 887 1887; baseline -0.004 -11"><span class='ocrx_word' id='word_1_144' title='bbox 626 1837 887 1887; x_wconf 88' lang='lat' dir='ltr'>Imprimatur</span> 
     </span>
     <span class='ocr_line' id='line_1_21' title="bbox 739 1903 2051 1957; baseline -0.002 -11"><span class='ocrx_word' id='word_1_145' title='bbox 739 1909 800 1946; x_wconf 81' lang='lat' dir='ltr'>Er.</span> <span class='ocrx_word' id='word_1_146' title='bbox 827 1907 956 1957; x_wconf 74' lang='lat' dir='ltr'>Raph.</span> <span class='ocrx_word' id='word_1_147' title='bbox 981 1907 1191 1956; x_wconf 82' lang='lat' dir='ltr'>Archang.</span> <span class='ocrx_word' id='word_1_148' title='bbox 1228 1904 1353 1946; x_wconf 91' lang='lat' dir='ltr'>Salini</span> <span class='ocrx_word' id='word_1_149' title='bbox 1389 1906 1443 1945; x_wconf 90' lang='lat' dir='ltr'>O.</span> <span class='ocrx_word' id='word_1_150' title='bbox 1468 1907 1509 1945; x_wconf 84' lang='grc' dir='ltr'>Ρ.</span> <span class='ocrx_word' id='word_1_151' title='bbox 1535 1905 1574 1945; x_wconf 87' lang='lat' dir='ltr'>S.</span> <span class='ocrx_word' id='word_1_152' title='bbox 1598 1907 1640 1945; x_wconf 78' lang='lat' dir='ltr'>P.</span> <span class='ocrx_word' id='word_1_153' title='bbox 1663 1905 1710 1945; x_wconf 87' lang='grc' dir='ltr'>Α.</span> <span class='ocrx_word' id='word_1_154' title='bbox 1735 1906 1921 1955; x_wconf 84' lang='lat' dir='ltr'>Magistri</span> <span class='ocrx_word' id='word_1_155' title='bbox 1955 1903 2051 1944; x_wconf 85' lang='lat' dir='ltr'>Soc.</span> 
     </span>
    </p>
   </div>
   <div class='ocr_carea' id='block_1_14' title="bbox 626 2002 2050 2122">
    <p class='ocr_par' dir='ltr' id='par_1_14' title="bbox 626 2002 2050 2122">
     <span class='ocr_line' id='line_1_22' title="bbox 626 2002 888 2052; baseline -0.004 -11"><span class='ocrx_word' id='word_1_156' title='bbox 626 2002 888 2052; x_wconf 88' lang='lat' dir='ltr'>Imprimatur</span> 
     </span>
     <span class='ocr_line' id='line_1_23' title="bbox 1168 2070 2050 2122; baseline 0 -12"><span class='ocrx_word' id='word_1_157' title='bbox 1168 2070 1301 2122; x_wconf 88' lang='lat' dir='ltr'>Julius</span> <span class='ocrx_word' id='word_1_158' title='bbox 1336 2072 1448 2111; x_wconf 88' lang='lat' dir='ltr'>Lenti</span> <span class='ocrx_word' id='word_1_159' title='bbox 1483 2071 1680 2121; x_wconf 77' lang='lat' dir='ltr'>Archiep.</span> <span class='ocrx_word' id='word_1_160' title='bbox 1716 2070 1858 2110; x_wconf 91' lang='lat' dir='ltr'>Siden.</span> <span class='ocrx_word' id='word_1_161' title='bbox 1882 2071 2050 2120; x_wconf 85' lang='lat' dir='ltr'>Vicesg.</span> 
     </span>
    </p>
   </div>
   <div class='ocr_carea' id='block_1_15' title="bbox 891 2199 1565 2253">
    <p class='ocr_par' dir='ltr' id='par_1_15' title="bbox 891 2199 1565 2253">
     <span class='ocr_line' id='line_1_24' title="bbox 891 2199 1565 2253; baseline -0.006 -9"><span class='ocrx_word' id='word_1_162' title='bbox 891 2201 964 2244; x_wconf 81' lang='lat'>93.</span> <span class='ocrx_word' id='word_1_163' title='bbox 1004 2200 1139 2251; x_wconf 81' lang='grc'><em>1882,</em></span> <span class='ocrx_word' id='word_1_164' title='bbox 1173 2202 1203 2241; x_wconf 89' lang='grc'><em>5</em></span> <span class='ocrx_word' id='word_1_165' title='bbox 1225 2199 1354 2253; x_wconf 77' lang='lat' dir='ltr'><em>sulii,</em></span> <span class='ocrx_word' id='word_1_166' title='bbox 1378 2199 1565 2253; x_wconf 67' lang='lat' dir='ltr'>Jadl‘cze.</span> 
     </span>
    </p>
   </div>
   <div class='ocr_carea' id='block_1_16' title="bbox 344 2293 2111 2488">
    <p class='ocr_par' dir='ltr' id='par_1_16' title="bbox 344 2293 2111 2488">
     <span class='ocr_line' id='line_1_25' title="bbox 485 2293 2111 2346; baseline -0.001 -11"><span class='ocrx_word' id='word_1_167' title='bbox 485 2294 672 2335; x_wconf 90' lang='lat' dir='ltr'>Solemni</span> <span class='ocrx_word' id='word_1_168' title='bbox 706 2297 860 2335; x_wconf 88' lang='lat' dir='ltr'>Missae</span> <span class='ocrx_word' id='word_1_169' title='bbox 895 2294 1351 2345; x_wconf 76' lang='lat' dir='ltr'>Glagolito-Romanae</span> <span class='ocrx_word' id='word_1_170' title='bbox 1387 2296 1425 2334; x_wconf 95' lang='lat' dir='ltr'>in</span> <span class='ocrx_word' id='word_1_171' title='bbox 1461 2296 1528 2334; x_wconf 91' lang='lat' dir='ltr'>die</span> <span class='ocrx_word' id='word_1_172' title='bbox 1562 2295 1668 2334; x_wconf 79' lang='lat' dir='ltr'>festo</span> <span class='ocrx_word' id='word_1_173' title='bbox 1703 2294 1773 2334; x_wconf 89' lang='lat' dir='ltr'>SS.</span> <span class='ocrx_word' id='word_1_174' title='bbox 1796 2293 1938 2346; x_wconf 87' lang='lat' dir='ltr'>Cyrilli</span> <span class='ocrx_word' id='word_1_175' title='bbox 1963 2298 2001 2334; x_wconf 91' lang='lat' dir='ltr'>et</span> <span class='ocrx_word' id='word_1_176' title='bbox 2023 2295 2111 2333; x_wconf 94' lang='lat' dir='ltr'>Me-</span> 
     </span>
     <span class='ocr_line' id='line_1_26' title="bbox 344 2364 2111 2416; baseline -0.001 -11"><span class='ocrx_word' id='word_1_177' title='bbox 344 2367 475 2406; x_wconf 88' lang='lat' dir='ltr'>thodii</span> <span class='ocrx_word' id='word_1_178' title='bbox 511 2368 549 2405; x_wconf 92' lang='lat' dir='ltr'>in</span> <span class='ocrx_word' id='word_1_179' title='bbox 585 2368 768 2406; x_wconf 89' lang='lat' dir='ltr'>oratorio</span> <span class='ocrx_word' id='word_1_180' title='bbox 804 2366 1022 2406; x_wconf 91' lang='lat' dir='ltr'>Seminarii</span> <span class='ocrx_word' id='word_1_181' title='bbox 1055 2364 1309 2416; x_wconf 87' lang='lat' dir='ltr'>Theologici</span> <span class='ocrx_word' id='word_1_182' title='bbox 1344 2364 1549 2406; x_wconf 87' lang='lat' dir='ltr'>Centralis</span> <span class='ocrx_word' id='word_1_183' title='bbox 1578 2366 1942 2416; x_wconf 85' lang='lat' dir='ltr'>Archiepiscopus</span> <span class='ocrx_word' id='word_1_184' title='bbox 1966 2366 2111 2405; x_wconf 78' lang='lat' dir='ltr'>Petrus</span> 
     </span>
     <span class='ocr_line' id='line_1_27' title="bbox 344 2429 1718 2488; baseline 0 -12"><span class='ocrx_word' id='word_1_185' title='bbox 344 2437 554 2476; x_wconf 86' lang='lat' dir='ltr'>Domnius</span> <span class='ocrx_word' id='word_1_186' title='bbox 587 2439 764 2488; x_wconf 87' lang='lat' dir='ltr'>Maupas</span> <span class='ocrx_word' id='word_1_187' title='bbox 798 2436 1091 2488; x_wconf 78' lang='lat' dir='ltr'>pontificaliter</span> <span class='ocrx_word' id='word_1_188' title='bbox 1124 2437 1295 2476; x_wconf 87' lang='lat' dir='ltr'>adsistit.</span> <span class='ocrx_word' id='word_1_189' title='bbox 1712 2429 1718 2437; x_wconf 60' lang='lat'>⁸</span> 
     </span>
    </p>
   </div>
   <div class='ocr_carea' id='block_1_17' title="bbox 482 2527 1675 2571">
    <p class='ocr_par' dir='ltr' id='par_1_17' title="bbox 482 2527 1675 2571">
     <span class='ocr_line' id='line_1_28' title="bbox 482 2527 1675 2571; baseline -0.001 -9"><span class='ocrx_word' id='word_1_190' title='bbox 482 2528 699 2571; x_wconf 85' lang='lat' dir='ltr'>Ephemeris</span> <span class='ocrx_word' id='word_1_191' title='bbox 726 2529 773 2563; x_wconf 88' lang='lat' dir='ltr'>La</span> <span class='ocrx_word' id='word_1_192' title='bbox 801 2528 991 2563; x_wconf 85' lang='lat' dir='ltr'>Dalmazia</span> <span class='ocrx_word' id='word_1_193' title='bbox 1019 2527 1213 2570; x_wconf 83' lang='lat' dir='ltr'>Cattolica,</span> <span class='ocrx_word' id='word_1_194' title='bbox 1241 2528 1262 2561; x_wconf 85' lang='lat'>6</span> <span class='ocrx_word' id='word_1_195' title='bbox 1288 2527 1369 2571; x_wconf 85' lang='lat' dir='ltr'>Julii</span> <span class='ocrx_word' id='word_1_196' title='bbox 1400 2528 1500 2569; x_wconf 82' lang='lat'>1882,</span> <span class='ocrx_word' id='word_1_197' title='bbox 1529 2528 1592 2562; x_wconf 87' lang='lat' dir='ltr'>Nr.</span> <span class='ocrx_word' id='word_1_198' title='bbox 1620 2528 1675 2562; x_wconf 82' lang='lat'>51.</span> 
     </span>
    </p>
   </div>
   <div class='ocr_carea' id='block_1_18' title="bbox 809 2668 1654 2723">
    <p class='ocr_par' dir='ltr' id='par_1_18' title="bbox 809 2668 1654 2723">
     <span class='ocr_line' id='line_1_29' title="bbox 809 2668 1654 2723; baseline -0.004 -10"><span class='ocrx_word' id='word_1_199' title='bbox 809 2671 882 2714; x_wconf 71' lang='lat'>94.</span> <span class='ocrx_word' id='word_1_200' title='bbox 923 2671 1058 2722; x_wconf 85' lang='grc'><em>1882,</em></span> <span class='ocrx_word' id='word_1_201' title='bbox 1093 2668 1314 2723; x_wconf 77' lang='lat' dir='ltr'>Spalaten</span> <span class='ocrx_word' id='word_1_202' title='bbox 1331 2669 1654 2711; x_wconf 64' lang='lat' dir='ltr'>-Makarskem</span> 
     </span>
    </p>
   </div>
   <div class='ocr_carea' id='block_1_19' title="bbox 344 2773 2111 2968">
    <p class='ocr_par' dir='ltr' id='par_1_19' title="bbox 344 2773 2111 2968">
     <span class='ocr_line' id='line_1_30' title="bbox 485 2773 2111 2827; baseline -0.001 -12"><span class='ocrx_word' id='word_1_203' title='bbox 485 2777 724 2826; x_wconf 71' lang='lat' dir='ltr'>Propositio</span> <span class='ocrx_word' id='word_1_204' title='bbox 750 2775 883 2817; x_wconf 92' lang='lat' dir='ltr'>libros</span> <span class='ocrx_word' id='word_1_205' title='bbox 906 2775 1127 2827; x_wconf 88' lang='lat' dir='ltr'>liturgicos</span> <span class='ocrx_word' id='word_1_206' title='bbox 1147 2774 1620 2826; x_wconf 81' lang='lat' dir='ltr'>Glagolito-Romanos‚</span> <span class='ocrx_word' id='word_1_207' title='bbox 1644 2773 1778 2815; x_wconf 89' lang='lat' dir='ltr'>latinis</span> <span class='ocrx_word' id='word_1_208' title='bbox 1800 2775 2111 2814; x_wconf 90' lang='lat' dir='ltr'>characteribus</span> 
     </span>
     <span class='ocr_line' id='line_1_31' title="bbox 344 2843 2111 2899; baseline 0 -15"><span class='ocrx_word' id='word_1_209' title='bbox 344 2846 624 2896; x_wconf 85' lang='lat' dir='ltr'>imprimendi,</span> <span class='ocrx_word' id='word_1_210' title='bbox 672 2860 692 2886; x_wconf 91' lang='lat' dir='ltr'>a</span> <span class='ocrx_word' id='word_1_211' title='bbox 726 2848 981 2899; x_wconf 89' lang='lat' dir='ltr'>presbyteris</span> <span class='ocrx_word' id='word_1_212' title='bbox 1016 2845 1581 2898; x_wconf 86' lang='lat' dir='ltr'>Spalaten.—Makarskensis</span> <span class='ocrx_word' id='word_1_213' title='bbox 1615 2846 1871 2886; x_wconf 91' lang='lat' dir='ltr'>dioeceseos</span> <span class='ocrx_word' id='word_1_214' title='bbox 1909 2843 2111 2896; x_wconf 88' lang='lat' dir='ltr'>peculiari</span> 
     </span>
     <span class='ocr_line' id='line_1_32' title="bbox 346 2915 926 2968; baseline 0.005 -14"><span class='ocrx_word' id='word_1_215' title='bbox 346 2915 660 2956; x_wconf 88' lang='lat' dir='ltr'>elucubratione</span> <span class='ocrx_word' id='word_1_216' title='bbox 695 2923 926 2968; x_wconf 89' lang='lat' dir='ltr'>peroratur.</span> 
     </span>
    </p>
   </div>
   <div class='ocr_carea' id='block_1_20' title="bbox 485 2981 2227 3049">
    <p class='ocr_par' dir='ltr' id='par_1_20' title="bbox 485 2981 2227 3049">
     <span class='ocr_line' id='line_1_33' title="bbox 485 2981 2227 3049; baseline -0.002 -11"><span class='ocrx_word' id='word_1_217' title='bbox 485 3000 690 3039; x_wconf 88' lang='lat' dir='ltr'>Memoria</span> <span class='ocrx_word' id='word_1_218' title='bbox 724 2999 828 3040; x_wconf 91' lang='lat' dir='ltr'>sulla</span> <span class='ocrx_word' id='word_1_219' title='bbox 863 3002 1144 3040; x_wconf 89' lang='lat' dir='ltr'>conversione</span> <span class='ocrx_word' id='word_1_220' title='bbox 1179 2998 1276 3039; x_wconf 89' lang='lat' dir='ltr'>dell&#39;</span> <span class='ocrx_word' id='word_1_221' title='bbox 1298 2998 1477 3039; x_wconf 79' lang='lat' dir='ltr'>alfabeto</span> <span class='ocrx_word' id='word_1_222' title='bbox 1514 2997 1731 3049; x_wconf 84' lang='lat' dir='ltr'>Glagolito</span> <span class='ocrx_word' id='word_1_223' title='bbox 1765 2996 1832 3038; x_wconf 91' lang='lat' dir='ltr'>nel</span> <span class='ocrx_word' id='word_1_224' title='bbox 1867 2998 2011 3037; x_wconf 89' lang='lat' dir='ltr'>Latino</span> <span class='ocrx_word' id='word_1_225' title='bbox 2041 2997 2110 3047; x_wconf 93' lang='lat' dir='ltr'>pei</span> <span class='ocrx_word' id='word_1_226' title='bbox 2190 2981 2227 3004; x_wconf 71' lang='grc'><em>”</em></span> 
     </span>
    </p>
   </div>
   <div class='ocr_carea' id='block_1_21' title="bbox 346 3055 2110 3109">
    <p class='ocr_par' dir='ltr' id='par_1_21' title="bbox 346 3055 2110 3109">
     <span class='ocr_line' id='line_1_34' title="bbox 346 3055 2110 3109; baseline 0 -14"><span class='ocrx_word' id='word_1_227' title='bbox 346 3055 435 3095; x_wconf 93' lang='lat' dir='ltr'>libri</span> <span class='ocrx_word' id='word_1_228' title='bbox 460 3056 636 3107; x_wconf 87' lang='lat' dir='ltr'>liturgici</span> <span class='ocrx_word' id='word_1_229' title='bbox 660 3057 758 3098; x_wconf 87' lang='lat' dir='ltr'>slavi</span> <span class='ocrx_word' id='word_1_230' title='bbox 784 3060 824 3097; x_wconf 91' lang='lat' dir='ltr'>di</span> <span class='ocrx_word' id='word_1_231' title='bbox 850 3061 939 3101; x_wconf 78' lang='lat' dir='ltr'>Rito</span> <span class='ocrx_word' id='word_1_232' title='bbox 966 3061 1172 3107; x_wconf 77' lang='lat' dir='ltr'>Romano,</span> <span class='ocrx_word' id='word_1_233' title='bbox 1198 3063 1431 3109; x_wconf 87' lang='lat' dir='ltr'>presentata</span> <span class='ocrx_word' id='word_1_234' title='bbox 1456 3059 1522 3097; x_wconf 90' lang='lat' dir='ltr'>dai</span> <span class='ocrx_word' id='word_1_235' title='bbox 1547 3058 1764 3097; x_wconf 91' lang='lat' dir='ltr'>Sacerdoti</span> <span class='ocrx_word' id='word_1_236' title='bbox 1789 3055 1899 3096; x_wconf 92' lang='lat' dir='ltr'>delle</span> <span class='ocrx_word' id='word_1_237' title='bbox 1925 3055 2110 3095; x_wconf 87' lang='lat' dir='ltr'>diocessi</span> 
     </span>
    </p>
   </div>
   <div class='ocr_carea' id='block_1_22' title="bbox 347 3115 2189 3165">
    <p class='ocr_par' dir='ltr' id='par_1_22' title="bbox 347 3115 2189 3165">
     <span class='ocr_line' id='line_1_35' title="bbox 347 3115 2189 3165; baseline -0.001 -12"><span class='ocrx_word' id='word_1_238' title='bbox 347 3116 386 3153; x_wconf 93' lang='lat' dir='ltr'>di</span> <span class='ocrx_word' id='word_1_239' title='bbox 421 3115 587 3165; x_wconf 88' lang='lat' dir='ltr'>Spalato</span> <span class='ocrx_word' id='word_1_240' title='bbox 623 3129 644 3156; x_wconf 95' lang='lat' dir='ltr'>e</span> <span class='ocrx_word' id='word_1_241' title='bbox 678 3118 895 3157; x_wconf 87' lang='lat' dir='ltr'>Makarska</span> <span class='ocrx_word' id='word_1_242' title='bbox 929 3116 963 3156; x_wconf 90' lang='lat' dir='ltr'>al</span> <span class='ocrx_word' id='word_1_243' title='bbox 1011 3118 1379 3160; x_wconf 81' lang='lat' dir='ltr'>Reverendissimo</span> <span class='ocrx_word' id='word_1_244' title='bbox 1421 3117 1664 3156; x_wconf 78' lang='lat' dir='ltr'>Ordinatio.</span> <span class='ocrx_word' id='word_1_245' title='bbox 1709 3117 1910 3156; x_wconf 89' lang='lat' dir='ltr'>Edizione</span> <span class='ocrx_word' id='word_1_246' title='bbox 1957 3116 2111 3165; x_wconf 86' lang='lat' dir='ltr'>privata</span> <span class='ocrx_word' id='word_1_247' title='bbox 2188 3126 2189 3134; x_wconf 59' lang='lat'>¹</span> 
     </span>
    </p>
   </div>
   <div class='ocr_carea' id='block_1_23' title="bbox 345 3175 910 3222">
    <p class='ocr_par' dir='ltr' id='par_1_23' title="bbox 345 3175 910 3222">
     <span class='ocr_line' id='line_1_36' title="bbox 345 3175 910 3222; baseline 0.007 -11"><span class='ocrx_word' id='word_1_248' title='bbox 345 3185 365 3211; x_wconf 90' lang='lat' dir='ltr'>a</span> <span class='ocrx_word' id='word_1_249' title='bbox 400 3175 517 3222; x_wconf 81' lang='lat' dir='ltr'>guIsa</span> <span class='ocrx_word' id='word_1_250' title='bbox 552 3175 593 3213; x_wconf 88' lang='lat' dir='ltr'>di</span> <span class='ocrx_word' id='word_1_251' title='bbox 627 3177 910 3215; x_wconf 87' lang='lat' dir='ltr'>manoscritto.</span> 
     </span>
    </p>
   </div>
   <div class='ocr_carea' id='block_1_24' title="bbox 483 3265 1423 3310">
    <p class='ocr_par' dir='ltr' id='par_1_24' title="bbox 483 3265 1423 3310">
     <span class='ocr_line' id='line_1_37' title="bbox 483 3265 1423 3310; baseline 0.003 -11"><span class='ocrx_word' id='word_1_252' title='bbox 483 3265 591 3308; x_wconf 83' lang='lat' dir='ltr'>Juxta</span> <span class='ocrx_word' id='word_1_253' title='bbox 617 3266 805 3310; x_wconf 89' lang='lat' dir='ltr'>exemplar</span> <span class='ocrx_word' id='word_1_254' title='bbox 832 3267 932 3310; x_wconf 91' lang='lat' dir='ltr'>apud</span> <span class='ocrx_word' id='word_1_255' title='bbox 961 3269 1151 3302; x_wconf 91' lang='lat' dir='ltr'>auctorem</span> <span class='ocrx_word' id='word_1_256' title='bbox 1180 3267 1423 3302; x_wconf 87' lang='lat' dir='ltr'>asservatum.</span> 
     </span>
    </p>
   </div>
   <div class='ocr_carea' id='block_1_25' title="bbox 2133 0 2243 3444">
    <p class='ocr_par' dir='ltr' id='par_1_25' title="bbox 2133 0 2243 3444">
     <span class='ocr_line' id='line_1_38' title="bbox 2133 0 2243 3444; baseline 0 0"><span class='ocrx_word' id='word_1_257' title='bbox 2133 0 2243 3444; x_wconf 95' lang='lat' dir='ltr'> </span> 
     </span>
    </p>
   </div>
  </div>
 </body>
</html>
