2191 3434
578 121 1122 167 Giagolito-Romanae
1148 121 1236 156 XIII
1263 133 1290 155 s,
1810 127 1851 156 11

716 280 777 307 Io.
812 266 941 306 XIII.
979 265 1160 314 Jadren.

153 363 414 404 Breviarium
468 362 780 415 Glagoliticum
826 361 1078 411 Tkonense,
1129 363 1252 401 cuius
1304 362 1545 414 fragmenta
1596 375 1631 401 a.
1669 362 1791 401 1850.
1827 362 1854 401 Ι.

9 436 157 476 Βεῑόἰό
190 435 359 474 detexit
391 447 442 474 ac
476 435 517 473 in
570 446 693 473 suam
748 432 1070 474 Collectionem
1104 434 1186 473 sub
1235 432 1287 474 N.
1320 435 1347 474 9
1380 434 1568 481 inseruit,
1601 447 1624 472 a
1658 434 1853 472 monacis

9 506 185 548 Ordinis
218 504 260 546 S.
293 505 519 546 Benedicti
543 505 790 545 monasterii
813 505 1102 557 Rogoviensis
1125 505 1191 544 vel
1211 503 1462 544 Tkonensis
1490 504 1710 557 Jadrensis
1733 504 1854 543 dioe-

9 591 164 619 ceseos
197 579 498 618 conscribitur.

149 671 174 704 I.
202 670 342 711 Bercic',
370 661 528 705 Citanka
557 669 751 704 staroslav.
776 669 899 714 jezika
927 669 1020 713 Prag
1048 670 1150 704 1864.
1177 679 1212 712 p.
1242 669 1287 702 X.
1316 673 1354 701 et
1381 672 1424 702 42
1452 680 1480 702 s.

686 851 747 880 ΙΙ.
781 837 910 878 XIII.
944 851 976 878 s.
1020 837 1185 890 Veglen.

150 936 412 976 Breviarium
465 934 776 988 Glagoliticum
819 934 1148 974 Verbenicense
1195 933 1448 974 parochiale
1498 934 1751 986 »Proprium
1799 934 1855 974 de

7 1015 231 1060 ternpore«
270 1009 510 1056 continens,
543 1009 583 1046 in
619 1006 755 1046 insula
788 1006 954 1058 Veglae
978 1007 1229 1046 omonimae
1263 1006 1522 1045 dioeceoses
1556 1007 1854 1046 conscribitur.

151 1090 175 1124 Ι.
204 1088 343 1124 Βετὸἰό.
371 1081 530 1124 Citanka
556 1088 701 1123 starosl.
725 1088 848 1134 jezika
874 1088 968 1133 Prag
995 1090 1097 1129 1864,
1125 1099 1159 1131 p.
1189 1088 1235 1121 X.
1263 1092 1302 1121 et
1328 1090 1372 1120 43
1399 1098 1426 1122 s,

712 1269 774 1298 12.
808 1256 938 1297 XIII.
971 1269 1004 1298 5.
1043 1255 1224 1305 Jadren.

149 1355 408 1395 Breviarium
445 1354 757 1408 Glagoliticum
803 1353 1081 1406 Ugljanense,
1126 1355 1250 1393 cuius
1284 1353 1524 1405 fragmenta
1559 1353 1586 1393 I.
1631 1353 1779 1393 Bercic
1814 1354 1854 1393 in

7 1427 163 1467 eadem
197 1427 401 1478 parochia
430 1427 648 1480 Jadrensis
681 1426 940 1466 dioeceseos
973 1439 1008 1465 a.
1046 1424 1152 1465 1851
1191 1425 1360 1465 detexit
1381 1438 1430 1464 ac
1464 1426 1505 1464 in
1540 1437 1661 1464 suam
1686 1423 1855 1465 Collec—

6 1500 173 1538 tionem
207 1501 289 1539 sub
323 1499 372 1539 N.
405 1499 461 1539 35
495 1499 684 1547 inseruit,
718 1498 1017 1537 conscribitur.

150 1581 174 1615 1.
203 1580 342 1620 Bercic.
369 1572 529 1615 Citanka
555 1579 698 1613 starosl.
725 1579 848 1624 jezika
874 1579 968 1621 Prag
995 1580 1097 1612 1864.
1126 1589 1161 1621 p.
1183 1577 1229 1611 X.
1259 1582 1295 1611 et
1323 1580 1379 1611 45.

676 1749 737 1788 [3.
770 1735 900 1776 XIII.
933 1749 965 1777 s.
1003 1735 1185 1783 Jadren.

149 1836 409 1876 Breviarium
445 1834 757 1887 Glagoliticum
809 1832 1090 1879 Birbiniense‚
1125 1833 1247 1871 cuius
1300 1831 1591 1884 fragmentum
1646 1833 1686 1871 in
1728 1845 1855 1871 omo—

7 1909 123 1948 nima
155 1907 361 1959 parochia
389 1906 608 1959 Jadrensis
653 1905 914 1945 dioeceseos
955 1916 1071 1944 anno
1121 1903 1243 1944 1850.
1286 1904 1311 1943 I.
1347 1903 1495 1943 Bercic'
1530 1903 1697 1942 detexit
1732 1910 1773 1942 et
1807 1905 1849 1943 in

8 1992 128 2019 suam
164 1978 483 2020 Collectionem
517 1978 598 2017 sub
631 1976 682 2017 N.
715 1977 741 2016 2
776 1977 964 2025 inseruit,
997 1976 1295 2015 conscribitur.

150 2061 174 2094 I.
203 2059 343 2100 Bercic,
370 2052 529 2094 Citanka
556 2059 702 2093 starosl.
727 2058 850 2102 jezika
876 2058 971 2102 Prag
997 2059 1099 2091 1864.
1129 2068 1164 2100 p.
1194 2057 1258 2091 XI.
1287 2060 1325 2090 et
1352 2059 1408 2091 45.

694 2227 757 2269 14.
785 2214 921 2257 XIII.
953 2227 985 2255 s.
1018 2213 1172 2255 Arban.

149 2314 322 2354 Missale
356 2312 667 2366 Glagoliticum
720 2310 933 2360 Arbense,
983 2312 1106 2351 cuius
1158 2310 1450 2363 fragmentum
1492 2322 1607 2350 anno
1645 2310 1767 2350 1356.
1812 2312 1851 2350 in

9 2385 177 2425 civitate
210 2384 317 2425 Arbi
351 2384 558 2424 sacerdos
592 2384 619 2423 I.
654 2383 820 2424 Gurato
873 2383 1041 2423 detexit
1086 2395 1136 2422 ac
1171 2383 1319 2422 Ioanni
1352 2382 1502 2422 Bercic
1538 2389 1582 2421 ut
1616 2395 1719 2421 suae
1752 2380 1852 2422 Col-

9 2456 183 2496 lectioni
226 2460 308 2497 sub
348 2456 398 2496 N.
431 2456 499 2495 22.
532 2457 791 2495 insereretur
823 2454 1014 2503 donavit,
1048 2455 1348 2494 conscribitur.

149 2536 174 2570 Ι.
201 2535 340 2578 Βετόἰό,
368 2527 528 2571 Citanka
553 2536 746 2570 staroslav.
771 2535 893 2581 Jezika
919 2535 1013 2579 Prag
1041 2538 1141 2569 1864.
1171 2546 1205 2578 p.
1234 2535 1296 2568 XI.
1329 2539 1365 2568 et
1393 2538 1455 2569 46.

368 2706 430 2747 15.
463 2692 592 2734 XIII.
625 2706 657 2734 s.
691 2698 880 2740 exeunte,
914 2691 957 2732 z'n
989 2690 1122 2732 Istria
1153 2692 1224 2732 vel
1251 2690 1487 2732 Dalmatia.

150 2788 323 2831 Missale
374 2789 686 2843 Glagoliticum
737 2788 1161 2842 Kukuljevicianum,
1212 2790 1252 2828 in
1304 2789 1530 2828 omonima
1582 2786 1851 2828 Bibliotheca

11 2859 284 2913 Zagabriensi
317 2868 583 2901 asservatum
618 2861 699 2901 sub
733 2860 784 2901 N.
816 2862 855 2910 3,
889 2862 929 2900 in
971 2861 1093 2900 terris
1139 2861 1338 2900 croaticis
1381 2860 1445 2898 vel
1481 2859 1850 2914 istro-dalmaticis

11 2933 307 2972 conscribitur.

148 3012 259 3058 Jagic,
288 3014 454 3060 Primjcri
482 3013 702 3048 starohrvat.
728 3013 860 3058 jezika.
889 3012 1030 3057 Zagreb
1059 3014 1160 3047 1806.
1190 3023 1224 3056 p.
1255 3014 1286 3046 6.
1314 3016 1350 3045 et
1383 3014 1437 3045 24.
