2191 3434
568 100 1131 172 Glagolito-Roman'ae
1158 121 1247 158 XVI
1274 135 1302 157 s.
1804 126 1846 157 41

0 288 1 295 ¹
40 284 103 318 nt
134 275 398 329 Collegiatae
433 274 658 322 ecclesiae,
679 274 825 324 plures
845 271 1131 318 Parochiales,
1163 270 1306 309 nullus
1340 283 1397 308 ex
1432 268 1663 309 Canonicis
1706 282 1848 321 neque

12 335 205 377 rochis
237 337 374 383 deest,
420 346 576 374 omnes
622 346 702 373 suo
755 333 994 385 funguntur
1045 341 1243 378 munere3
1293 337 1424 381 atque
1469 330 1561 368 scio
1615 329 1850 375 neminem,

3 393 16 408 ‘¹
65 397 78 435 i
108 395 364 436 scandalum
397 393 578 445 aliquod
611 393 829 445 praebeat,
863 392 1060 443 quinimo
1095 397 1136 429 et
1169 390 1304 428 verbo
1338 396 1380 427 et
1412 388 1621 439 exemplo
1644 389 1849 427 omnibus

10 482 13 485 -
56 461 197 502 esunt,
229 461 361 506 atque
395 453 658 504 praelucent.
692 451 839 492 Unum
872 458 1040 490 tantum
1086 456 1164 496 est,
1215 448 1337 500 quod
1390 449 1575 487 maiores
1627 447 1850 498 profectus

0 522 15 558 ζ
44 514 187 567 npedit
217 521 350 566 atque
383 512 581 552 retardat.
628 511 741 551 Nam
776 523 876 550 cum
920 522 1076 550 omnes
1126 508 1296 559 Illyrica
1346 513 1519 546 utantur
1568 507 1726 559 lingua,
1777 507 1850 544 vix

40 575 263 614 eviarium
296 579 369 612 aut
400 571 574 612 Missale
607 578 730 611 vetus
764 583 864 610 cum
900 569 1095 622 quodam
1130 580 1263 619 parvo
1313 566 1538 618 Manipulo
1584 566 1702 617 apud
1755 565 1851 604 illos

9 634 223 686 peritur,
256 634 314 672 ob
348 631 469 685 quod
504 631 792 670 incomodum
827 631 868 668 in
903 629 1097 668 maxima
1130 628 1399 679 optimorum
1444 626 1653 665 librorum
1703 626 1851 676 inopia

1 713 15 725 υ
40 699 236 733 ·rsantur.
269 692 431 731 Pluries
465 691 521 730 de
555 691 635 729 hac
668 703 712 729 re
744 690 800 729 ad
834 688 1046 729 Summos
1078 686 1314 726 Pontifices
1365 686 1536 736 scripsit
1586 684 1851 736 Episcopus,

12 770 13 776 ¹
50 754 162 792 uries
196 753 324 791 etiam
360 751 441 790 suit
473 750 544 798 illi,
577 763 678 801 spes
723 749 835 797 data,
879 748 1001 800 quod
1053 759 1184 799 quam
1237 747 1427 797 primum
1482 745 1852 796 imprimerentur3

10 829 15 845 ÷
48 811 119 860 hil,
150 819 297 851 tamen
330 810 542 850 hactenus
577 810 814 861 majoribus
846 808 1034 860 negotiis
1078 806 1314 857 impeditis,
1348 811 1577 857 morteque
1607 805 1853 855 praeventi-s

0 883 3 908 :
40 875 209 911 ectum
231 877 307 910 est.
328 869 536 910 Vestrum
571 871 648 908 erit
681 868 960 908 Illustrissimi
993 866 1171 906 Domini
1224 867 1265 904 in
1316 877 1360 903 re
1411 863 1656 903 admodum
1709 862 1851 904 Cultui

9 1050 120 1089 nim
151 1049 250 1089 Deo
284 1050 457 1102 gratius,
491 1047 593 1087 nihil
626 1048 849 1099 acceptius
881 1059 932 1086 ac
965 1045 1133 1096 populo
1167 1045 1246 1083 toti
1292 1044 1587 1083 necessarium
1634 1049 1853 1093 praestare

44 1115 220 1149 uterunt.
252 1131 309 1135 —
342 1107 459 1148 Dum
495 1121 596 1147 vero
631 1109 673 1146 in
715 1108 944 1158 pristinum
991 1107 1252 1144 restauratur
1293 1101 1598 1150 Seminarium,
1631 1102 1854 1153 supliciter

0 1186 10 1207 ,ι
44 1170 111 1208 tit
143 1165 441 1222 (Episcopus),
461 1180 562 1206 curn
597 1179 753 1206 omnes
777 1166 866 1205 sere
895 1167 936 1204 in
962 1165 1041 1204 hac
1076 1163 1279 1204 Dioecesi
1302 1162 1470 1213 Iliyrica
1502 1162 1649 1214 lingua
1670 1168 1855 1209 utantur,

82 1234 268 1280 quatuor
300 1241 357 1267 ex
391 1221 558 1266 clericis
579 1226 634 1266 ad
669 1225 915 1278 Collegium
938 1224 1245 1271 Lauretanum‚
1266 1224 1339 1274 qui
1361 1221 1460 1261 huic
1485 1222 1667 1261 miserae
1683 1222 1853 1273 provin-

0 1289 13 1327 l
45 1300 96 1328 ae
128 1287 339 1327 auxilium
373 1286 553 1339 aliquod
586 1285 719 1325 affere
761 1286 942 1337 possint,
995 1285 1165 1323 mittere
1217 1283 1532 1334 permittantur.
1579 1304 1635 1308 —
1687 1280 1851 1320 Verum

6 1363 9 1383 ι
64 1360 106 1387 m
140 1347 262 1386 multi
296 1348 337 1385 in
372 1359 425 1385 eo
460 1344 659 1398 Collegio
694 1344 867 1385 educati
901 1346 942 1383 in
975 1343 1191 1383 Dalmatia
1224 1342 1504 1393 reperiantur,
1537 1342 1611 1393 qui
1645 1353 1746 1380 cum
1779 1341 1854 1379 be-

43 1405 170 1446 ficiis
203 1413 387 1454 careant,
420 1412 675 1457 paupertate
709 1404 854 1444 aducti
889 1404 1013 1443 variis
1047 1405 1087 1442 in
1141 1402 1374 1453 provinciis
1423 1408 1642 1454 vagantur,
1695 1402 1730 1440 si
1778 1412 1853 1439 ne-

40 1467 184 1506 ssitas
217 1466 372 1513 tulerit,
405 1478 505 1504 cum
540 1466 582 1504 in
616 1465 809 1503 maxima
855 1464 1149 1502 ministrorum
1204 1462 1383 1513 penuria
1435 1461 1657 1499 constituti
1704 1461 1853 1507 simus,

42 1525 218 1577 ·is'eopo
252 1525 433 1565 facultas
468 1524 748 1572 concedatur,
781 1529 827 1563 ut
859 1523 1026 1575 aliquos
1060 1535 1116 1562 ex
1151 1521 1232 1560 illis
1265 1522 1307 1560 in
1341 1533 1445 1560 suae
1478 1519 1708 1560 Dioecesis
1753 1521 1855 1558 sub-

43 1585 163 1625 dium
196 1585 408 1625 accersire
441 1585 594 1636 possit,
625 1597 675 1623 ac
710 1596 763 1623 eo
797 1584 1044 1635 praecipue,
1077 1581 1199 1633 quod
1241 1580 1297 1620 ad
1343 1587 1521 1633 gentem
1566 1579 1690 1628 hanc,
1741 1591 1855 1631 quae

41 1644 159 1684 lirica
189 1645 337 1698 lingua
369 1644 512 1692 utitur,
551 1642 863 1689 instruendam,
897 1643 1138 1681 institutum
1191 1642 1244 1680 sit
1295 1638 1557 1692 Collegium,
1609 1652 1721 1691 quae
1773 1638 1856 1678 fre-

68 1705 290 1744 entissima
323 1711 388 1744 est
419 1704 462 1743 in
495 1703 560 1743 his
594 1704 806 1755 partibus;
838 1709 969 1754 atque
1002 1701 1088 1741 hoc
1122 1701 1374 1752 praesertim
1408 1707 1622 1750 tempore,
1644 1711 1743 1738 cum
1767 1710 1855 1738 non

7 1780 11 1789 ·
39 1777 170 1804 ucae
202 1778 227 1804 a
259 1761 550 1804 Serenissimo
585 1762 677 1802 DD.
713 1761 986 1802 Venetorum
1020 1761 1219 1800 dominio
1254 1772 1310 1799 ex
1343 1758 1584 1799 Turcarum
1608 1758 1854 1798 confinibus

0 1851 1 1856 ,
39 1843 41 1859 ι
83 1823 203 1864 Istria
235 1823 454 1863 deductae
487 1823 571 1862 sint
604 1822 827 1861 familiae.‹

148 1904 420 1938 Anthenticum
447 1904 484 1936 in
511 1903 674 1937 Archivo
702 1902 739 1936 S.
771 1902 908 1947 Congr.
921 1901 1077 1936 Concilii
1094 1902 1129 1935 in
1145 1900 1346 1935 Tabulario
1361 1900 1545 1934 Vaticano
1557 1911 1562 1941 3
1576 1900 1684 1945 juxta
1699 1909 1856 1942 excerp-

51 1961 87 1985 m
115 1952 376 1987 Crncicianum
404 1952 489 1984 anni
517 1953 620 1985 1892.

467 2146 562 2184 161.
598 2156 721 2197 1593,
753 2154 803 2183 Ξ]
836 2142 1012 2197 Aprilis,
1044 2141 1244 2183 Flumine
1277 2141 1417 2183 Polm.

150 2239 297 2292 Quum
331 2240 527 2280 Polensis
561 2242 798 2292 episcopus
820 2239 1028 2281 Claudius
1062 2238 1315 2280 Sozomeno
1350 2237 1599 2290 Capitulum
1637 2236 1853 2291 Collegia-

0 2368 4 2372 ᾖ
58 2324 100 2351 m
134 2311 393 2363 parochialis
431 2312 644 2351 ecclesiae
697 2311 739 2351 S.
772 2311 932 2350 Mariae
974 2311 1186 2351 Fluminis
1219 2312 1415 2364 liturgiae
1450 2309 1856 2363 Glagolito-Roma—

2 2437 3 2445 ἵ
41 2395 91 2423 ae
123 2384 216 2423 vice
249 2383 447 2423 Latinam
494 2383 758 2423 substituere
792 2384 997 2431 iussisset,
1048 2381 1249 2424 Comune
1282 2382 1565 2422 Fluminense
1616 2389 1705 2420 tam
1739 2380 1856 2431 apud

67 2454 202 2494 ndem
236 2456 510 2506 episcopum,
543 2467 674 2507 quam
709 2454 827 2506 apud
862 2454 978 2493 idem
1034 2453 1281 2506 Capitulum
1318 2452 1608 2506 Collegiatum
1643 2452 1858 2503 raepristi-

48 2525 230 2566 tionem
264 2526 460 2579 liturgiae
484 2525 956 2579 Glagolito-Romanae
990 2533 1124 2578 urget.

152 2608 234 2649 Die
265 2608 466 2649 Mercurii
499 2609 552 2649 21
588 2608 750 2660 Aprilis
787 2608 911 2657 1593,
943 2609 986 2647 in
1023 2607 1122 2649 Sala
1155 2607 1300 2661 Palatij
1336 2607 1598 2649 Communis
1630 2607 1856 2647 Fluminis.

49 2675 289 2722 ongregato
322 2667 516 2711 Consilio
551 2670 718 2708 minore
752 2676 795 2708 et
827 2670 990 2708 maiore
1042 2681 1165 2708 more
1198 2668 1327 2708 solito
1378 2667 1434 2707 ad
1467 2679 1626 2706 sonum
1681 2679 1855 2717 campa-

42 2740 104 2776 ae,
128 2729 207 2788 *ubi
241 2728 525 2768 interfuerunt
575 2728 804 2768 consiliarii
838 2732 899 2767 n.0
930 2728 998 2776 34,
1041 2733 1295 2779 computata
1327 2739 1514 2778 persona
1549 2725 1769 2779 magnifici
1803 2725 1856 2764 D.

0 2835 2 2838 .
49 2792 136 2827 er.¹¹¹
173 2786 299 2827 Barbi
331 2789 671 2827 locumtenentis
705 2787 832 2826 huius
865 2786 1036 2827 Terrae.

0 2845 4 2849 ¹
153 2855 285 2890 Illirice
311 2855 499 2890 officietur
524 2856 560 2889 in
588 2856 750 2890 ecclesia
776 2856 918 2890 maiori.
952 2846 1060 2886 Item
1095 2859 1196 2886 cum
1230 2847 1374 2886 uocati
1420 2845 1603 2885 sUiSSCDt
1636 2846 1676 2883 in
1711 2845 1852 2883 COnSi·

0 2927 4 2931 -
44 2918 71 2946 0
103 2905 189 2946 RR.
222 2905 317 2947 DD.
349 2905 713 2955 Archidiaconus,
765 2906 992 2954 Plebanus‚
1025 2912 1067 2945 et
1101 2907 1231 2946 ceteri
1284 2905 1536 2945 sacerdotes
1570 2904 1745 2955 capituli
1779 2903 1855 2942 hu-

59 2977 79 3004 s
109 2964 262 3014 Terae,
292 2972 334 3005 et
367 2967 560 3018 requisiti
606 2967 784 3005 nomine
818 2964 1167 3013 Communitatis,
1200 2971 1246 3004 ut
1287 2967 1407 3004 iuxta
1440 2964 1543 3003 alias
1576 2964 1781 3015 requisita
1814 2969 1855 3001 et

0 3061 2 3063 .
59 3025 153 3064 stita
186 3025 303 3077 apud
342 3025 774 3065 Reverendissimum
807 3024 893 3064 D.¹¹¹
928 3024 978 3064 D.
1031 3024 1316 3076 Episcopum,
1368 3030 1409 3063 et
1443 3025 1534 3063 eius
1568 3023 1615 3062 R.
1649 3024 1854 3061 vicarium
