2191 3434
601 330 1134 375 Glagolito-Romanae
1161 331 1254 366 XIX.
1281 341 1309 366 s.
1763 333 1806 367 63

221 472 293 507 Ms.
320 471 574 506 authenticum
602 473 637 506 in
666 472 828 507 Archivo
856 472 1151 516 Lipsanothecae
1178 472 1410 514 Pontificiae‚
1437 474 1471 507 in
1501 483 1575 517 quo
1596 474 1849 508 Protocollum

81 520 237 554 duarum
266 520 479 554 sessionum
508 519 799 554 Commissionis
828 519 1045 554 pontificiae
1072 519 1367 562 Archaeologiae
1387 519 1520 555 Sacrae
1540 520 1744 555 exhibetur.
1766 521 1853 555 Cla—

78 567 247 602 rissimus
282 566 306 602 1.
334 567 374 601 B.
403 567 449 601 de
483 567 603 609 Rossi,
643 568 705 611 qui
734 567 789 601 his
817 567 1050 602 sessionibus
1087 566 1260 609 interfuit,
1302 567 1389 601 dum
1427 578 1526 601 anno
1556 568 1645 603 1889
1682 568 1853 612 encolpia

78 614 199 656 lignea
225 613 260 649 S.
281 613 459 658 Stephani
486 615 521 648 in
550 615 664 650 Piano
692 614 862 651 Romano
882 614 970 649 VIII.
991 624 1019 649 s.
1039 617 1074 648 et
1100 615 1336 658 sequentium
1364 614 1570 657 illustraret,
1598 615 1643 649 ad
1671 616 1729 649 illa
1749 616 1852 653 Rela-

78 662 189 696 tionis
216 664 346 696 notrae
373 661 424 696 sic
452 661 600 696 alludit:
643 662 712 704 „La
752 661 913 705 capsella
951 661 1180 705 (sepolcrino
1222 661 1316 696 delle
1352 662 1503 706 reliquie
1539 664 1638 696 sotto
1666 662 1699 696 la
1725 673 1855 697 mensa

79 709 161 743 dell'
178 708 304 751 altare)
323 709 549 755 rachjudeva
575 710 715 744 minute
743 709 894 753 reliquie
913 719 932 743 e
951 709 1094 753 polveri
1122 736 1130 744 .
1150 736 1157 743 .
1177 736 1184 743 .
1205 735 1212 743 .
1241 719 1260 743 e
1280 712 1332 743 tre
1352 710 1450 743 croci
1470 710 1640 753 pettorali
1660 710 1854 754 (encolpii)

80 756 116 791 di
142 755 285 791 bronzo
306 783 313 791 .
335 783 368 791 ..
397 757 424 791 ΙΞ
450 756 587 798 chiaro,
615 756 683 791 che
711 757 843 791 cotesti
871 756 1031 800 encolpii
1067 756 1202 790 furono
1231 757 1330 800 posti
1358 758 1462 791 entro
1490 756 1524 790 la
1550 757 1713 800 capsella
1740 768 1761 791 o
1789 768 1855 801 per

76 803 109 838 le
136 803 274 848 relique
302 804 370 838 che
397 804 711 846 racchiudevano,
739 814 760 838 o
780 801 918 847 perch'e
946 804 1171 838 considerati
1191 804 1264 838 essi
1283 804 1479 838 medesimi
1499 814 1608 838 come
1629 806 1721 839 sacri
1741 807 1851 848 pegni

77 861 144 895 per
169 851 202 885 la
228 851 409 886 memoria
444 854 550 886 santa
578 851 613 885 di
641 851 782 893 coloro,
821 851 889 885 che
916 850 938 885 li
966 861 1134 885 avevano
1169 852 1304 894 portati
1340 851 1520 895 pendenti
1548 851 1603 886 sul
1631 854 1734 895 petto

78 897 306 933 Similmente
345 898 404 933 nel
444 898 657 942 sepolcrino
696 898 777 933 dell'
801 898 889 933 altar
916 899 1107 940 maggiore
1145 899 1180 932 di
1215 909 1242 933 s.
1273 898 1467 933 Clemente
1496 899 1550 933 sul
1580 899 1686 933 Celio
1714 900 1789 934 vidi
1817 901 1851 934 io

76 946 296 988 medesimo,
337 946 489 990 quando
527 956 573 980 ne
600 945 637 980 fu
665 947 920 980 riconosciuto
958 945 1003 980 ed
1040 946 1245 980 esaminato
1274 945 1295 980 il
1324 956 1430 980 sacro
1469 946 1656 990 deposito,
1699 947 1853 981 insieme

76 993 122 1028 ad
151 1003 239 1028 ossa
266 1004 285 1028 e
313 993 434 1028 ceneri
462 1003 609 1035 umane,
650 993 769 1027 alcuni
806 993 941 1037 piccoli
977 1004 996 1028 e
1023 994 1121 1027 rozzi
1159 993 1319 1037 encolpii
1360 993 1571 1028 cruciformi
1611 994 1741 1036 lignei:
1783 995 1852 1029 che

77 1040 212 1075 turono
241 1041 376 1076 stimati
412 1041 505 1075 sacri
542 1041 654 1084 pegni
692 1041 789 1083 degli
825 1041 986 1084 apostoli
1024 1041 1120 1083 degli
1158 1040 1254 1076 Slavi
1293 1040 1419 1075 Cirillo
1448 1052 1466 1075 e
1494 1041 1678 1083 Metofflo,
1719 1043 1727 1076 i
1756 1042 1852 1086 quali

75 1098 256 1123 recarono
284 1099 304 1122 a
332 1088 450 1125 Roma
490 1087 584 1122 dalla
625 1088 772 1122 Crimea
810 1088 842 1123 le
869 1088 1020 1132 reliquie
1061 1088 1119 1122 del
1158 1088 1347 1132 pontefice
1387 1089 1534 1123 martire
1573 1089 1716 1124 titolare
1758 1089 1853 1124 della

75 1135 258 1170 basilica.“
290 1135 489 1170 Bullettino
519 1135 554 1170 di
581 1135 742 1170 archeol.
763 1136 859 1170 crist.
882 1136 1054 1177 1888—9,
1077 1136 1153 1171 150.
1182 1136 1372 1180 Encolpia,
1401 1146 1421 1170 a
1441 1136 1644 1171 clarissimo
1676 1137 1721 1171 de
1741 1137 1851 1173 Rossi

79 1193 183 1218 sacra
209 1184 368 1227 pignora
395 1183 666 1226 Apostolorum
695 1182 924 1218 Slavicorum
955 1183 1089 1225 habita,
1118 1186 1204 1218 sunt
1231 1183 1299 1225 illa,
1328 1194 1422 1228 quae
1450 1184 1485 1218 in
1514 1184 1705 1220 Relatione
1725 1184 1788 1218 Nr.
1809 1184 1851 1226 V,

76 1230 210 1273 VI,VII
228 1232 413 1265 notantur.
430 1230 503 1265 Vas
523 1230 685 1272 ligneum
714 1230 771 1273 IV,
800 1231 827 1265 B
855 1235 990 1272 tamen,
1019 1231 1203 1274 epocham
1225 1230 1259 1266 S.
1278 1231 1403 1275 Cyrilli
1420 1234 1454 1265 et
1474 1231 1659 1265 Methodii
1686 1231 1851 1275 praebet.

76 1278 134 1313 De
161 1277 240 1313 aliis
267 1277 420 1313 vasibus
447 1278 510 1313 Nr.
530 1278 584 1320 ΙΙΙ,
611 1278 657 1312 IV
685 1281 720 1312 et
746 1278 821 1312 VIII
851 1280 999 1320 notatIs,
1027 1279 1311 1321 autumandum,
1340 1278 1491 1323 aliquod
1520 1279 1649 1313 saltem
1679 1279 1849 1313 eamdem

76 1326 256 1368 originem
285 1325 495 1367 ostendere,
524 1327 558 1360 et
587 1325 778 1370 Cyrillum‚
806 1326 852 1360 ad
882 1326 1035 1360 humum
1056 1328 1091 1360 et
1109 1326 1282 1360 minimas
1309 1326 1508 1370 particulas
1537 1326 1678 1360 ossium
1707 1325 1741 1361 S.
1764 1326 1850 1361 Cle-

76 1373 209 1408 mentis
237 1372 466 1415 colligendas
494 1373 626 1407 eadem
655 1373 882 1407 adhibuisse.
920 1373 973 1407 Eo
1015 1373 1117 1417 quod
1145 1374 1180 1407 in
1208 1373 1281 1417 pila
1319 1373 1496 1417 plumbea
1532 1374 1665 1408 Altaris
1701 1373 1852 1417 majoris

77 1419 112 1455 S.
141 1420 347 1455 Clementis
375 1430 462 1455 ossa
489 1420 648 1464 plurium
689 1431 935 1464 personarum
974 1420 1131 1455 collecta
1169 1423 1266 1463 sunt,
1306 1432 1382 1455 non
1410 1421 1657 1465 improbabile
1693 1422 1850 1463 videtur,

73 1468 167 1502 inter
193 1468 324 1502 eadem
353 1470 388 1502 et
415 1468 614 1511 particulas
650 1478 694 1502 ex
731 1478 890 1512 corpore
931 1467 965 1503 S.
995 1468 1119 1513 Cyrilli
1159 1468 1317 1510 adesse;
1358 1478 1471 1512 quum
1509 1471 1544 1503 et
1580 1469 1726 1503 traditio
1763 1479 1849 1503 ossa

75 1514 110 1550 S.
139 1515 356 1557 Clementis,
397 1514 432 1550 S.
459 1515 587 1557 Ignatii
628 1518 662 1550 et
702 1515 737 1550 S.
766 1515 892 1560 Cyrilli
931 1515 1070 1549 ibidem
1107 1515 1193 1550 olim
1231 1518 1377 1559 sepulta
1404 1519 1604 1551 asseveret.
1646 1516 1722 1551 Cir.
1749 1516 1848 1559 Jelic.

75 1562 258 1597 Memorie
285 1573 439 1597 romane
460 1563 496 1598 di
515 1562 550 1598 S.
568 1562 694 1597 Cirillo
716 1563 902 1606 Apostolo
924 1563 1020 1605 degli
1041 1562 1149 1605 Slavi,
1170 1564 1204 1597 in
1226 1563 1328 1598 Actis
1349 1563 1375 1597 ll
1397 1563 1639 1605 Congressus
1659 1563 1850 1598 Archaeo—

74 1610 248 1653 logorum
278 1610 577 1645 Christianorum
606 1621 636 1645 a.
667 1611 757 1646 1900
784 1611 924 1646 Romae
952 1610 1076 1645 habiti.

486 1767 556 1808 71.
594 1766 730 1816 1868,
763 1766 826 1809 23
846 1765 1074 1820 Jatzuarli,
1116 1763 1423 1808 Vindobotzae.

182 1873 362 1923 ‘Quum
407 1873 446 1913 S.
483 1874 775 1925 Congregatio
820 1874 873 1914 de
921 1874 1201 1924 Propaganda
1248 1873 1349 1913 Fide
1397 1875 1566 1914 Missale
1611 1874 1848 1925 Olagolito—

73 1945 307 1986 Romanum
358 1946 653 1985 recudendum
703 1947 973 1991 decrevisset,
1021 1946 1072 1985 ab
1118 1946 1447 1996 archiepiscopo
1493 1945 1683 1996 jadrensi
1726 1946 1846 1985 Petro

73 2016 260 2056 Domnio
308 2017 498 2068 Maupas,
546 2018 704 2057 Nuntio
740 2018 992 2068 Apostolico
1027 2018 1355 2057 vindobonensi
1403 2018 1592 2056 Mariano
1637 2017 1847 2056 Falcinelli

72 2089 304 2128 Antonaeci
338 2088 561 2136 mediante,
597 2090 806 2128 revisores
841 2092 1103 2139 expetuntur.

72 2159 155 2199 No
190 2160 375 2199 313—2.

428 2269 595 2307 Exome
631 2272 668 2307 et
703 2269 818 2310 R.me
854 2269 1061 2308 Domine!

212 2362 299 2412 Jam
335 2363 512 2401 Innotuit
544 2363 822 2402 Excellentiae
858 2364 904 2402 V.
930 2375 977 2403 ac
1001 2364 1142 2405 Rmae
1177 2362 1216 2403 S.
1245 2363 1638 2413 Congregationem
1665 2363 1717 2401 de
1744 2362 1845 2401 Pro-

73 2421 267 2471 paganda
302 2421 401 2460 Fide
437 2422 644 2471 probasse
678 2423 903 2461 consilium
938 2423 1171 2462 recudendi
1213 2423 1397 2461 Missalia
1441 2423 1653 2461 slavoniCa
1690 2422 1843 2470 lingua.

74 2480 182 2520 Cum
224 2481 333 2519 enim
379 2481 647 2530 exemplaria,
693 2493 801 2531 quae
845 2483 952 2533 typis
996 2482 1105 2521 edita
1149 2483 1426 2529 inveniuntur,
1470 2482 1625 2520 rariora
1669 2482 1707 2519 in
1754 2481 1845 2519 dies

71 2539 258 2583 evadant,
295 2543 408 2589 putat
441 2552 592 2579 novam
629 2552 776 2580 eorum
813 2541 1045 2580 editionem
1081 2542 1166 2580 istis
1200 2541 1414 2580 fidelibus
1462 2541 1666 2590 imprimis
1701 2540 1842 2578 utilem

69 2598 174 2639 fore.
223 2599 357 2648 Quod
393 2611 503 2649 opus
549 2612 644 2638 cum
690 2612 764 2650 per
803 2612 848 2639 se
883 2600 1108 2647 laudabile,
1142 2605 1228 2639 tum
1276 2601 1396 2640 etlam
1442 2600 1842 2650 praestantissimum

72 2659 160 2706 erit,
193 2659 226 2697 si
263 2660 526 2706 mutationes,
563 2671 671 2709 quae
707 2660 745 2698 in
781 2661 974 2699 anteriori
1011 2660 1197 2699 editione
1234 2660 1428 2698 inductae
1463 2659 1634 2697 abusive
1670 2658 1842 2696 fuerant.

71 2728 247 2767 prorsus
282 2718 559 2765 eliminentur,
596 2722 634 2757 et
665 2721 799 2757 textus
834 2719 884 2757 ad
920 2719 1095 2758 codices
1130 2720 1411 2758 accuratiores
1443 2722 1625 2758 exactus.
1653 2717 1842 2755 lectionis

70 2777 298 2826 integritate
334 2781 372 2816 et
404 2776 601 2816 fidelitate
636 2789 780 2816 rursus
814 2778 984 2828 fulgeat.
1021 2779 1162 2827 Quam
1198 2779 1237 2817 in
1271 2790 1358 2817 rem
1395 2777 1433 2816 S.
1471 2777 1632 2826 Congr.
1666 2776 1718 2814 de
1745 2776 1842 2814 Pro-

71 2835 264 2886 paganda
299 2836 398 2875 fide
432 2837 672 2875 consultum
721 2839 887 2887 putavit,
929 2838 980 2876 ab
1015 2838 1266 2877 Excellentia
1303 2837 1345 2875 V.
1386 2837 1499 2877 Rma
1534 2848 1614 2874 una
1649 2847 1744 2873 cum
1781 2835 1841 2874 iis,

71 2906 253 2944 quorum
301 2896 482 2942 interest,
527 2897 709 2935 selectos
752 2897 864 2936 viros
907 2897 1082 2946 adscipi‚
1119 2897 1190 2946 qui
1238 2896 1445 2946 pollerent
1489 2907 1536 2933 ea
1580 2894 1770 2932 doctrina
1806 2898 1842 2931 et

72 2953 322 3000 eruditione,
353 2966 476 3004 quae,
501 2955 540 2993 in
566 2955 810 3004 hujusmodi
845 2956 973 2994 rebus
1008 2956 1288 3005 requiruntur,
1324 2955 1543 3003 negotium
1579 2954 1660 2991 hoc
1687 2953 1842 2990 naviter

70 3013 299 3062 suscipiant
341 3013 651 3063 diligenterque
695 3014 923 3064 perficiant.
969 3015 1197 3064 Egregium
1245 3025 1344 3052 sane
1385 3013 1606 3051 consilium
1644 3023 1729 3059 quo
1764 3010 1840 3048 frui

70 3072 321 3111 Excellentia
357 3073 499 3111 Vestra
534 3074 765 3112 certissime
799 3078 968 3124 satagat,
1005 3085 1099 3112 cum
1136 3084 1184 3111 ex
1220 3084 1271 3111 eo
1308 3073 1476 3110 labores
1522 3075 1557 3108 et
1592 3082 1712 3108 curas
1748 3081 1838 3117 gra-

70 3131 273 3178 vissimas‚
309 3143 414 3181 quas
448 3133 666 3181 negotium
703 3133 785 3171 hoc
820 3133 1015 3182 postulat,
1056 3133 1282 3181 plurimum
1319 3131 1441 3169 levari
1487 3130 1645 3170 sentiet,
1683 3139 1838 3176 propo-

0 3209 3 3212 >
70 3190 191 3228 situm
227 3194 362 3229 autem
399 3202 509 3240 opus
550 3191 729 3230 celerius
773 3192 1014 3230 absolutum
1061 3191 1237 3228 maxima
1282 3190 1403 3228 animi
1449 3189 1510 3226 sui
1558 3188 1768 3235 voluptate
1804 3190 1840 3225 et

70 3248 258 3288 fidelium
303 3249 470 3288 utilitate
515 3251 764 3299 experietur.
801 3251 939 3299 ltaque
975 3261 1057 3287 non
1094 3254 1166 3294 est,
1203 3248 1320 3297 quod
1357 3260 1440 3296 ego
1465 3246 1712 3285 Excellentia
1739 3245 1838 3283 Vae
