2191 3434
543 315 1079 363 Glagolito-Romanae
1127 314 1283 349 XVII.
1333 325 1369 349 s.
1771 313 1815 347 65

49 457 318 508 tenuissima,
366 457 401 499 si
448 457 673 510 contingat
726 457 972 511 parochum
1013 468 1184 504 vacare,
1230 455 1375 496 nullus
1425 453 1704 496 adinvenitur
1760 453 1852 507 ejus

49 518 198 570 partes
230 515 552 570 suppleturus.“

151 611 154 613 ·
188 597 283 638 Hac
315 597 370 638 de
402 609 535 638 causa
567 596 728 638 erectio
761 595 995 638 Seminarii
1027 594 1275 637 necessaria
1306 594 1492 636 videtur.

185 686 467 722 Authenticum
492 686 532 721 'm
557 686 728 722 Archivo
767 686 802 722 S.
839 686 979 732 Congr.
1015 685 1180 722 001101111
1204 684 1244 720 111
1279 684 1491 720 Tabulario
1517 684 1726 729 Vaticano;
1747 684 1862 730 juxta

51 733 320 780 apographum
345 733 617 769 Cmoicianum
642 733 733 768 anni
758 732 857 768 1892.

549 863 654 904 229.
688 863 818 912 1692,
851 860 1064 915 Bosilje‘vo
1094 860 1349 915 Zayrabien.

191 953 298 997 Ivan
332 953 519 996 Muretic
551 957 593 997 et
636 953 848 1008 Georgius
889 954 1139 996 Krizmanic
1169 953 1402 1007 glagolitae
1450 953 1663 1008 capellani
1697 953 1741 995 in
1773 953 1861 995 Bo-

51 1024 201 1079 siljevo
235 1024 540 1078 Zagrabiensis
574 1024 843 1066 dioeceseos

184 1115 362 1163 Lopaffihi,
389 1116 470 1152 Oko
495 1116 509 1150 1
532 1116 648 1162 Kupe
674 1115 687 1150 1
711 1115 881 1159 Korane,
907 1115 1139 1162 Zagrabien,
1165 1114 1266 1160 1895,
1294 1115 1351 1166 703

537 1235 644 1275 230.
676 1235 807 1284 1693,
840 1235 898 1276 18
924 1233 1059 1283 Junii,
1091 1231 1371 1286 Justinopoli.

187 1327 351 1370 Paulus
381 1327 562 1370 Naldini
591 1327 828 1381 episcopus
849 1327 1248 1381 Justinopolitanus
1271 1326 1314 1368 in
1342 1325 1555 1368 relatione
1588 1325 1862 1367 Visitationis

48 1399 105 1442 ad
135 1398 306 1441 Limina
336 1397 657 1451 Apostolorum
690 1398 732 1440 S.
768 1397 927 1451 Congr.
963 1397 1146 1439 Concilii
1171 1397 1226 1438 de
1258 1399 1375 1438 statu
1408 1397 1664 1438 dioeceseos
1697 1396 1855 1438 certio-

49 1482 141 1511 rem
173 1469 377 1518 reddens,
409 1468 560 1510 refert.

190 1550 357 1602 „Meam
391 1563 486 1603 ego,
520 1551 633 1592 inter
676 1552 860 1600 caetera,
906 1549 1103 1603 impendi
1138 1562 1332 1614 operam,
1376 1562 1456 1602 pro
1490 1548 1747 1590 clericorum
1781 1547 1857 1590 Se-

48 1608 234 1650 minario
269 1609 491 1662 erigendo,
526 1608 794 1662 experientia
837 1608 881 1649 in
923 1608 1017 1649 dies
1051 1607 1188 1660 magis
1231 1607 1459 1661 magisque
1493 1607 1689 1655 edoctus,
1724 1619 1857 1662 quam

47 1680 225 1708 necesse
257 1667 312 1707 sit
343 1666 445 1708 huic
478 1666 670 1708 dioecesi
703 1679 808 1707 suos
840 1666 996 1707 Illirica
1019 1665 1166 1718 lingua
1200 1665 1384 1707 erudire.
1422 1665 1531 1706 Cum
1555 1665 1672 1706 enim
1704 1678 1857 1706 omnes

49 1725 288 1778 parochiae
320 1725 484 1766 rurales
514 1724 586 1766 tali
622 1724 851 1766 dumtaxat
883 1724 1094 1765 idiomate
1126 1725 1319 1771 utantur,
1345 1723 1466 1776 quod
1487 1723 1559 1764 hic
1592 1723 1635 1764 in
1669 1723 1791 1770 urbe,
1816 1725 1857 1764 et

54 1783 98 1824 in
133 1782 308 1836 oppidis
339 1782 556 1837 Pyrrhani
590 1785 632 1824 et
662 1781 909 1824 Insularum
953 1781 1198 1834 negligitur,
1247 1781 1334 1823 imo
1367 1781 1571 1829 nescitur,
1604 1780 1680 1822 ubi
1712 1780 1859 1834 aliqua

51 1840 176 1893 plebs
207 1843 347 1890 vacat,
380 1843 469 1881 tam
504 1840 695 1882 arduum
737 1843 801 1881 est
833 1840 1109 1881 sacerdotem
1150 1839 1360 1880 idoneum
1403 1839 1669 1889 adinvenire,
1703 1841 1750 1880 ut
1781 1851 1858 1879 ne-

53 1911 172 1940 cesse
204 1898 271 1947 sit,
305 1898 498 1951 repetitis
540 1898 759 1951 precibus,
802 1898 995 1951 aliquem
1037 1910 1089 1938 ex
1131 1896 1426 1949 Regularibus
1468 1896 1741 1950 praedictam
1772 1896 1857 1937 lin-

56 1968 185 2008 guam
219 1956 448 1997 callentem
482 1957 767 2009 quamdoque
799 1968 1036 2003 assumere,
1061 1955 1204 1996 donec
1226 1955 1336 1996 alius
1369 1955 1575 1996 sacerdos
1607 1953 1858 2005 saecularis,

53 2013 182 2068 quive
214 2014 403 2066 ignotus,
438 2016 479 2055 et
510 2013 769 2067 plerumque
802 2013 945 2055 minus
978 2016 1107 2066 aptus
1140 2012 1320 2054 fortuito
1356 2014 1579 2054 occurat‘st

185 2105 466 2141 Authenticum
489 2105 528 2139 in
554 2105 723 2141 Archivo
751 2105 786 2140 S
824 2106 960 2152 Gangr.
998 2104 1161 2141 Concilii
1187 2105 1226 2139 in
1259 2104 1467 2141 Tabulario
1505 2103 1714 2148 Vatican03
1737 2103 1856 2149 juxta

50 2152 316 2199 apographum
342 2152 612 2188 Crncicianum
637 2152 729 2187 anni
753 2151 853 2187 1892.

553 2283 653 2323 231.
685 2282 815 2332 1696,
849 2283 879 2322 8
906 2280 1047 2332 Jum'i,
1078 2279 1358 2333 Justinopoli.

187 2374 353 2416 Paulus
386 2373 561 2415 Naldini
586 2374 821 2428 episcopus
844 2374 1241 2427 Justinopolitanus
1272 2374 1316 2415 in
1340 2373 1552 2416 relatione
1584 2373 1856 2415 visitationis

51 2443 107 2484 ad
138 2442 309 2485 Limina
339 2443 653 2497 Apostolorum
687 2444 729 2486 S.
763 2444 921 2497 Congr.
957 2443 1138 2486 Concilii
1171 2444 1225 2485 de
1263 2446 1379 2486 statu
1413 2444 1666 2486 dioeceseos
1700 2444 1857 2485 certio-

50 2526 142 2555 rem
173 2514 343 2565 redens,
376 2513 530 2555 refert:

192 2607 314 2658 „Duo
357 2610 591 2661 supersunt
622 2607 724 2648 huic
756 2607 965 2649 ecclesiae
987 2607 1154 2660 aprime
1177 2607 1312 2656 utilia,
1344 2610 1384 2648 et
1407 2619 1575 2648 summe
1595 2606 1853 2648 necessaria.

51 2662 246 2706 Alterum
282 2668 346 2706 est
379 2666 636 2707 clericorum
669 2665 952 2706 seminarium
986 2678 1066 2719 pro
1098 2666 1244 2718 lingua
1267 2664 1435 2719 Illyrica
1467 2678 1543 2705 seu
1578 2664 1852 2714 Sclauonica,

51 2723 228 2776 propria
259 2723 394 2764 totius
425 2723 577 2776 populi
609 2724 653 2764 in
684 2723 888 2775 plebibus
921 2723 1138 2764 ruralibus
1190 2723 1400 2776 degentis.
1435 2723 1594 2776 Aliqua
1627 2736 1679 2763 ex
1710 2723 1759 2762 iis
1783 2735 1856 2763 va·

54 2784 192 2832 cante,
234 2781 291 2822 ob
334 2781 553 2823 defectum
599 2781 880 2823 sacerdotum
921 2781 1007 2822 tale
1054 2781 1219 2822 idioma
1267 2781 1531 2829 callentium,
1574 2793 1675 2822 nam
1708 2780 1778 2821 hic
1811 2780 1853 2821 in

0 2867 1 2871 ,
53 2838 175 2886 urbe,
208 2841 250 2880 et
280 2839 323 2880 in
355 2839 480 2881 terris
512 2839 671 2894 Pyrani
704 2852 755 2880 ac
786 2837 1046 2887 Insularum,
1080 2839 1153 2880 ubi
1188 2839 1459 2892 frequentior
1491 2841 1554 2879 est
1587 2838 1739 2885 clerus,
1771 2837 1852 2878 ita-

43 2895 131 2943 ‚lice
163 2896 391 2938 dumtaxat
411 2897 664 2950 loquuntur,
690 2897 960 2950 quandoque
983 2896 1132 2950 plebes
1151 2910 1230 2950 per
1247 2897 1392 2950 plures
1425 2909 1596 2937 menses
1628 2897 1855 2936 remanent

0 2972 2 2982 ·
53 2954 247 3005 parocho
281 2955 540 3003 destitutae3
587 2958 629 2996 et
660 2968 749 2996 non
792 2955 925 2996 semel
968 2967 1145 2995 necesse
1188 2955 1267 2995 fuit
1300 2955 1575 2995 emendicare
1607 2953 1855 3005 religiosum

0 3037 3 3064 i

55 3022 79 3052 a
109 3011 256 3054 Tertio
290 3012 454 3054 Ordine
487 3013 528 3055 S.
564 3013 782 3054 Francisci
826 3013 869 3054 in
902 3013 1010 3054 urbe
1054 3012 1318 3053 Sclauonico
1363 3012 1573 3053 idiomate
1605 3023 1776 3052 sacrum
1811 3013 1853 3051 et

0 3075 5 3107 t.
57 3067 200 3112 divina
231 3070 484 3112 recitante&

0 3113 4 3207 i

0 3211 6 3297 i

0 3315 11 3434 ἰ

190 3160 471 3194 Anthenticum
497 3160 666 3195 Archivo
695 3161 729 3195 S.
757 3161 896 3206 Congr
926 3159 1083 3195 Concilii
1109 3160 1148 3193 in
1166 3159 1373 3195 Tabulario
1400 3159 1609 3199 Vaticano;
1632 3158 1747 3202 juxta
1765 3168 1854 3203 apo-

54 3203 244 3250 graphum
269 3206 535 3241 Umcicianum
561 3207 651 3241 anni
683 3206 775 3240 [892.

123 3378 238 3423 Jeme,
259 3388 428 3423 ΡοΝΤΕε,
451 3389 528 3417 pars
549 3389 582 3417 11.
1771 3385 1788 3411 5
