2191 3434
632 273 834 319 Liturgiae
862 273 1290 320 Glagolibo-Romanae.
1662 279 1813 312 XXXV

568 411 636 457 19.
673 411 935 457 Dioecesis
967 411 1347 468 BelgradensiS.

191 506 305 547 Usus
337 505 496 547 missae
520 506 974 558 Glagolito-romanae
995 506 1199 560 Belgradi
1221 507 1307 558 XV,
1334 510 1412 551 187
1433 511 1490 564 (p.
1514 510 1600 565 46).
1636 511 1698 552 De
1722 512 1861 554 Slavis

53 563 354 606 Schismaticis
384 562 535 615 XVIII,
567 564 635 614 54,
669 565 738 606 55.

359 689 439 734 20.
483 690 757 735 Dioeceses
791 690 1138 735 Prizrenensis
1171 692 1222 735 et
1253 690 1559 747 Scopiensis.

188 784 302 826 Usus
324 784 498 836 linguae
521 784 708 826 slavicae
731 784 773 826 in
796 784 991 837 Liturgia
1016 785 1234 834 Romana,
1257 785 1383 835 XVII,
1408 788 1474 836 88,
1504 787 1605 836 1943
1625 790 1666 829 et
1684 789 1863 841 quidem

50 843 94 883 in
126 842 341 883 eeclesiis:
376 842 553 896 Scopia,
587 841 795 890 Kratovo,
829 842 978 884 Monte
1011 842 1170 896 Negro,
1204 844 1352 885 Monte
1380 845 1504 886 Novo
1537 845 1645 899 (non
1678 846 1805 900 longe
1837 861 1863 889 a

51 899 265 955 Janjevo),
298 900 503 951 Pristina,
537 900 730 949 Vueitrn,
764 900 822 941 ib.
859 900 954 941 194.

750 1026 810 1081 h).
856 1026 1165 1068 BULGARIA.

596 1119 660 1164 21.
693 1118 955 1164 Dioecesis
988 1119 1320 1165 SerdicensiS.

187 1213 301 1256 Usus
332 1213 506 1266 linguae
539 1213 726 1255 slavicae
759 1213 802 1254 in
832 1213 1025 1266 Liturgia
1056 1214 1260 1257 Romana
1294 1215 1541 1269 Ciprovacii
1573 1216 1702 1267 XVII,
1740 1218 1831 1259 181.

802 1353 852 1433 Β.
900 1351 1112 1434 Euhemia.

605 1492 681 1537 22.
721 1493 982 1538 Dioecesis
1016 1493 1307 1549 Pragensis.

187 1575 301 1617 Usus
334 1577 531 1629 Lgr.nae
579 1577 620 1617 in
655 1576 925 1617 monasterio
972 1576 1181 1629 pragensi
1226 1576 1386 1617 Emaus
1430 1576 1479 1617 O.
1515 1577 1557 1618 S.
1592 1576 1639 1617 B.
1673 1589 1724 1617 ex
1756 1589 1860 1617 con-

50 1633 248 1676 cessione
282 1633 520 1676 Clementis
552 1647 695 1688 papae
729 1633 797 1683 VI,
830 1633 937 1683 XIV,
971 1635 1010 1684 5,
1044 1635 1083 1685 6,
1116 1636 1154 1685 O,
1187 1635 1254 1683 26,
1286 1635 1352 1683 35,
1387 1636 1453 1675 38.

822 1772 865 1853 [1.
914 1772 1100 1854 Pnlnnia.

563 1910 639 1956 23.
675 1911 936 1957 Dioecesis
969 1911 1344 1957 Varsaviensis.

187 2004 498 2046 Monasterium
536 2004 585 2046 Ο.
620 2005 665 2046 S.
699 2005 747 2046 Β.
784 2006 1044 2060 Clepardiae
1075 2019 1155 2060 pro
1191 2005 1415 2058 Glagolitis
1447 2003 1560 2054 XIV,
1596 2004 1662 2044 22.

839 2144 888 2225 ]].
938 2143 1076 2225 Italia.

758 2272 834 2317 24.
868 2273 1152 2318 Lauretum.

510 2365 804 2408 Seminarium
837 2367 1053 2421 Illyricum
1086 2368 1395 2409 Lauretanum.

185 2445 224 2486 A
257 2445 467 2498 Gregorio
500 2460 616 2499 papa
647 2446 753 2489 XIII
783 2451 978 2490 erectum
1012 2451 1053 2490 et
1085 2449 1140 2490 ab
1173 2448 1352 2490 Urbano
1386 2461 1503 2501 papa
1550 2446 1642 2487 VIII
1682 2446 1855 2487 restitu-

48 2503 140 2543 tum
172 2501 280 2554 XVI,
317 2504 420 2552 158;
453 2502 586 2555 XVII,
620 2506 688 2555 62,
722 2507 799 2556 743
832 2505 991 2557 XVIII,
1028 2507 1150 2548 ll2a
1181 2508 1240 2560 (p.
1276 2505 1360 2559 80).

769 2631 845 2676 25.
878 2632 1141 2677 Venetiae.

378 2723 573 2766 Ecclesia
604 2726 841 2768 nationalis
874 2726 953 2768 SS.
987 2726 1162 2779 Georgii
1196 2728 1237 2767 et
1268 2725 1530 2779 Tryphonis.

186 2803 531 2847 Confraternitas
580 2805 871 2850 Slavonorum
915 2808 982 2850 vel
1025 2808 1375 2850 Dalmatinorum
1418 2808 1473 2847 al)
1518 2804 1854 2846 immemorabili

45 2860 214 2913 Lg1·.na,
237 2862 280 2903 in
303 2863 501 2915 cappella
523 2864 668 2916 posita
701 2865 744 2906 in
776 2865 910 2907 domo
944 2866 1124 2907 Militiae
1157 2866 1211 2906 de
1243 2865 1441 2917 Templo,
1476 2864 1613 2904 utitur
1640 2861 1750 2909 XVI,
1778 2861 1852 2907 11:

46 2918 164 2959 idem
196 2932 299 2960 usus
331 2932 356 2961 a
387 2921 639 2973 patriarcha
670 2922 880 2965 Venetico
913 2924 1167 2965 solemniter
1199 2923 1483 2963 confirmatus
1516 2923 1557 2961 et
1589 2933 1613 2961 a
1646 2919 1849 2971 Magistro

44 2974 227 3018 Militiae
258 2976 430 3029 Templi
468 2980 731 3031 recognitus,
765 2981 823 3022 ib.
865 2982 931 3029 25,
975 2982 1051 3027 32;
1100 2983 1141 3021 et
1183 2993 1208 3021 a
1251 2980 1293 3021 S.
1338 2980 1451 3020 Sede
1494 2979 1549 3020 ad
1592 2977 1848 3030 petitionem

45 3033 241 3075 eiusdem
275 3034 653 3078 Confi-aternitatis
689 3051 767 3091 per
809 3039 974 3080 iudices
1018 3038 1241 3089 delegatos
1289 3037 1527 3077 ratificams
1573 3035 1627 3075 il).
1671 3032 1738 3081 30,
1780 3033 1848 3073 43.

43 3090 341 3144 Sequentibus
372 3094 557 3135 saeculis
590 3107 695 3136 usus
727 3096 910 3149 Lgr.nae
944 3096 986 3137 in
1017 3095 1198 3136 ecclesia
1235 3094 1445 3136 nationali
1480 3094 1557 3135 SS.
1603 3091 1773 3144 Georgii
1807 3092 1848 3131 et

43 3147 292 3203 Tryphonis
324 3150 440 3204 viget
470 3149 586 3203 XIX,
620 3153 687 3205 21,
720 3153 789 3206 28,
823 3155 890 3205 30,
925 3154 991 3205 32,
1025 3154 1091 3203 38,
1125 3152 1220 3194 314.
