2243 3444
386 299 452 333 170
986 298 1164 332 Fontes
1192 297 1446 339 Liturgiae

399 442 486 483 IOI
507 454 549 483 α.
588 442 724 491 1888,
759 440 907 481 medio
941 452 1090 481 mense
1121 438 1335 551 slilzclggzstc'),
1374 439 1669 482 Vitzdobotzae
1703 440 1770 493 (in
1802 440 2048 484 Dalmatia

1107 512 1128 540 e
1201 511 1223 540 s
1245 511 1314 540 ml
1342 533 1351 541 .

479 585 664 623 Minister
709 581 856 622 Cultus
900 586 938 622 et
986 583 1270 622 instructionis
1317 583 1421 622 baro
1457 583 1644 622 Gautsch
1692 583 1845 623 sedulo
1891 571 2107 634 invigilare

342 644 474 691 iubet,
509 655 559 682 ne
596 642 789 692 discipuli
825 640 1075 681 Scholarum
1110 641 1346 681 Mediarum
1381 640 1560 692 amplius
1587 643 1739 682 missae
1764 640 2107 693 Glagolito-Ro-

336 715 495 749 manae,
530 702 605 741 sed
642 703 803 741 Latinae
836 704 1007 747 tantum,
1043 701 1254 740 adsistant.

475 759 581 801 Juxta
611 758 890 792 adnotationem
920 757 1046 791 Caroli
1075 757 1214 792 Parcic.

780 889 912 931 IOIb.
952 890 1089 940 1889,
1123 889 1187 931 23
1220 889 1398 940 Martii,
1441 889 1656 944 Tergesti.

472 974 518 1013 C.
555 974 596 1014 R.
634 973 820 1012 Directio
870 974 1040 1012 Pontiae
1087 975 1393 1024 Tergestensis‚
1443 986 1574 1023 quum
1619 974 1672 1013 de
1706 975 1783 1013 vita
1831 977 1869 1013 et
1912 973 2105 1013 moribus

334 1046 563 1097 presbyteri
600 1057 646 1084 ac
681 1046 937 1095 professoris
977 1046 1172 1084 Matthaei
1218 1045 1387 1084 Maudio
1423 1045 1470 1086 C.
1508 1046 1550 1087 R.
1586 1046 1791 1085 Iudicium
1826 1046 1979 1085 certius
2012 1045 2106 1084 red-

333 1118 461 1164 deret,
497 1118 641 1173 asserit
675 1116 793 1166 quod
829 1117 1138 1156 recentioribus
1172 1117 1440 1167 temporibus
1488 1118 1592 1156 inter
1638 1117 1828 1167 populos
1870 1117 2106 1156 catholicos

474 1244 594 1287 Atque
623 1245 677 1285 (ut
705 1244 751 1278 de
778 1244 943 1279 Ecclesia
971 1247 1177 1286 taceamus)
1206 1245 1358 1279 historia
1385 1246 1441 1279 sat
1468 1254 1656 1289 superque
1675 1244 1784 1279 nobis
1805 1245 1960 1279 testatur
1978 1243 2103 1287 plures

329 1291 504 1334 populos,
532 1291 614 1325 licet
641 1292 676 1325 in
704 1291 849 1333 liturgia
875 1292 1026 1335 propria
1052 1292 1177 1335 lingua
1205 1293 1260 1327 usi
1288 1303 1364 1326 non
1392 1292 1475 1334 sint,
1503 1294 1641 1326 tantam
1670 1291 1911 1326 nihilominus
1938 1290 2103 1326 culturae

328 1349 369 1372 ac
399 1338 637 1381 perfectionis
665 1339 810 1373 culmen
840 1341 1021 1382 attigisse,
1059 1342 1097 1374 ut
1125 1339 1223 1374 nulla
1250 1340 1462 1381 nationum,
1491 1350 1586 1383 quae
1613 1339 1738 1382 lingua
1766 1339 1974 1374 domestica
1999 1338 2102 1372 litur-

330 1386 424 1427 giam
454 1396 595 1420 sacram
625 1386 823 1429 celebrant,
861 1398 907 1421 ne
935 1398 955 1421 a
981 1387 1093 1429 longe
1121 1387 1271 1431 quidem
1307 1397 1390 1421 cum
1419 1388 1461 1421 iis
1490 1387 1697 1430 comparari
1725 1387 1857 1430 possit.
1908 1386 1952 1420 Et
1978 1387 2121 1420 tamen·

328 1434 384 1467 isti
413 1433 593 1475 liturgiam
623 1434 846 1468 nationalem
876 1435 1143 1478 praetendunt,
1181 1435 1286 1479 quasi
1313 1434 1457 1478 absque
1485 1445 1527 1469 ea
1554 1436 1654 1468 natio
1683 1444 1805 1478 neque
1833 1433 1951 1468 excoli
1979 1443 2103 1477 neque

330 1491 467 1514 nomen
496 1491 673 1523 magnum
702 1480 771 1516 sibi
798 1492 928 1525 parare
955 1483 1094 1525 possit!

469 1528 557 1562 Ideo
586 1529 667 1563 Nos
704 1529 890 1563 eiusmodi
927 1530 1062 1572 agendi
1102 1530 1295 1572 rationem,
1332 1539 1404 1573 qua
1438 1530 1532 1564 ordo
1561 1530 1596 1564 et
1624 1528 1818 1573 disciplina
1852 1528 2105 1563 ecclesiastica

328 1576 488 1609 maximo
518 1576 718 1610 discrimini
747 1578 958 1620 exponitur,
994 1577 1151 1611 solemni
1188 1577 1325 1611 iudicio
1355 1577 1665 1612 condemnamus.
1694 1575 1730 1611 Si
1757 1586 1803 1611 ne
1830 1576 1921 1620 ipsis
1951 1575 2102 1620 quidem

331 1623 528 1666 Episcopis
555 1624 589 1657 in
619 1634 722 1658 sacra
749 1624 894 1666 liturgia
922 1625 1126 1669 quidquam
1154 1625 1334 1659 innovare
1361 1624 1462 1667 licet,
1491 1635 1574 1659 cum
1602 1625 1658 1658 ius
1687 1624 1759 1658 hoc
1787 1623 1856 1658 soli
1884 1622 1971 1658 Sedi
1998 1623 2104 1667 Apo-

330 1670 482 1704 stolicae
509 1672 735 1705 reservatum
765 1672 821 1714 sit,
858 1672 1053 1716 quomodo
1090 1672 1235 1707 tolerari
1263 1674 1400 1715 potest,
1428 1674 1467 1707 ut
1495 1673 1668 1706 homines
1694 1671 1838 1715 privati,
1874 1671 1953 1705 sive
1980 1680 2103 1705 sacer-

331 1717 437 1752 dotes
478 1719 555 1752 sive
595 1718 674 1753 laici
709 1719 811 1761 sunt,
852 1730 946 1762 rem,
981 1730 1076 1764 quae
1114 1719 1214 1753 nullo
1252 1719 1367 1753 modo
1406 1720 1451 1753 ad
1490 1729 1619 1754 eorum
1656 1728 1793 1753 munus
1832 1719 1994 1762 spectat,
2034 1717 2102 1753 sibi

331 1764 549 1800 attribuant?

472 1814 604 1857 Neque
630 1813 697 1847 illis
725 1815 893 1848 assentiri
921 1825 1144 1857 possumus,
1180 1815 1241 1858 qui
1269 1816 1418 1857 putant,
1452 1814 1655 1849 Ecclesiam
1693 1814 1849 1858 eiusque
1876 1813 2040 1848 instituta
2068 1814 2103 1848 et

330 1860 509 1902 liturgiam
538 1860 583 1894 ab
613 1861 805 1895 hominum
835 1872 875 1895 ac
904 1865 1114 1904 temporum
1145 1861 1398 1905 opinionibus,
1427 1872 1522 1906 quae
1542 1872 1690 1905 semper
1709 1862 1909 1902 mutantur,
1937 1860 2102 1904 pendere

330 1909 502 1951 votisque
530 1908 691 1951 politicis
718 1909 796 1943 sive
824 1909 1075 1944 nationalibus
1104 1919 1182 1943 eam
1206 1920 1347 1943 morem
1375 1920 1504 1953 gerere
1531 1911 1717 1952 oportere.

473 1955 547 2000 Qui
582 1957 733 1991 nomine
768 1956 952 1991 catholico
991 1957 1184 1999 gloriatur,
1222 1958 1286 1991 rite
1322 1958 1390 1991 scit
1426 1957 1629 1991 Ecclesiam
1668 1966 1743 1990 non
1785 1956 1996 1997 hominum,
2034 1955 2100 1989 sed

330 2002 398 2036 Dei
428 2013 523 2045 opus
552 2013 635 2037 esse
663 2014 820 2047 eamque
857 2004 902 2038 ab
940 2005 1074 2038 eodem
1104 2004 1186 2038 Deo
1215 2005 1369 2048 eiusque
1397 2003 1533 2047 Spiritu
1561 2004 1647 2045 regi.
1687 2003 1813 2049 Quare
1840 2013 1962 2048 neque
1989 2002 2101 2037 latere

330 2060 412 2083 eum
441 2052 565 2093 potest
593 2061 668 2084 non
697 2052 888 2085 nationum
927 2062 1030 2093 esse,
1069 2054 1107 2085 ut
1143 2051 1327 2093 Ecclesia,
1367 2062 1488 2095 neque
1523 2051 1700 2085 hominis,
1738 2052 1777 2085 ut
1811 2051 1978 2085 Domino
2005 2049 2101 2091 Deo,

330 2107 457 2131 verum
488 2099 568 2131 vice
597 2108 714 2139 versa,
742 2101 781 2132 ut
808 2098 973 2133 Ecclesia
1000 2099 1225 2141 nationibus,
1255 2101 1293 2133 ut
1312 2100 1416 2134 Deus
1445 2098 1658 2133 hominibus
1685 2108 1854 2133 normam
1883 2100 1918 2133 et
1944 2096 2100 2132 modum

331 2144 493 2186 definiat,
522 2155 596 2189 quo
619 2144 750 2180 fideles
777 2146 887 2180 vitam
918 2147 1127 2189 religiosam
1157 2148 1388 2190 component
1406 2156 1593 2190 sensaque
1613 2155 1680 2180 sua
1699 2145 1798 2180 cultu
1820 2146 1928 2179 etiam
1947 2143 2100 2188 publico

332 2192 578 2226 communiter
616 2194 833 2236 exprimant.
879 2194 1026 2238 Cuique
1062 2194 1162 2228 fideli
1199 2204 1420 2237 persuasum
1455 2196 1511 2228 est
1537 2193 1724 2228 Ecclesiae
1751 2193 1820 2227 Dei
1849 2192 2100 2227 obedientiam

330 2240 491 2273 strictam
522 2239 659 2281 deberi,
688 2250 771 2274 cum
799 2241 882 2275 Deo
911 2242 981 2284 ipsi
1009 2241 1251 2283 contradicat,
1279 2242 1340 2285 qui
1368 2242 1446 2275 eius
1474 2241 1677 2275 Ecclesiam
1706 2251 1781 2274 non
1811 2240 1923 2275 audit.

449 2287 546 2329 ¹Qui
573 2297 683 2322 secus
720 2289 847 2330 sentit,
889 2299 985 2332 opus
1015 2289 1198 2330 divinum,
1226 2288 1447 2330 Ecclesiam,
1476 2288 1624 2322 arbitrio
1654 2287 1818 2322 humano
1848 2287 1993 2329 subicit,
2021 2287 2100 2321 eius

329 2333 491 2368 indolem
527 2335 843 2377 supranaturalem
878 2338 912 2370 et
950 2336 1111 2370 divinam
1149 2338 1260 2377 negat
1300 2335 1460 2380 facitque
1488 2346 1531 2370 ex
1560 2337 1737 2377 creatura,
1764 2334 1936 2369 videlicet
1963 2345 2007 2369 ex
2034 2344 2101 2368 na-

330 2380 440 2422 tione,
469 2392 604 2416 numen
635 2382 812 2417 divinum.
850 2384 982 2427 Atque,
1020 2386 1058 2417 ut
1094 2383 1201 2417 talem
1232 2384 1415 2417 sentiendi
1443 2383 1598 2417 modum
1627 2383 1822 2417 mitissimo
1850 2382 1988 2416 iudicio
2015 2392 2100 2425 per-

330 2432 564 2470 stringamus,
593 2429 881 2464 Protestantium
911 2431 1054 2474 placitis
1082 2430 1240 2474 obsequi
1268 2431 1453 2464 eiusmodi
1482 2430 1665 2464 dicendus
1693 2432 1759 2471 est,
1798 2430 1859 2474 qui
1887 2429 2100 2473 superiores

329 2485 418 2509 suos
446 2478 634 2544 tamquam
663 2478 793 2520 populi
822 2478 1015 2520 delegatos
1043 2478 1191 2520 habent,
1220 2488 1239 2512 a
1267 2488 1341 2521 quo
1369 2479 1593 2521 potestatem
1623 2479 1719 2512 nacti
1739 2478 1829 2517 sint:
1858 2486 1971 2521 quare
1990 2477 2098 2511 etiam

330 2523 404 2555 iure
433 2524 557 2565 postul
563 2534 622 2557 are
649 2526 827 2567 possunt,
865 2528 903 2560 ut
939 2526 1102 2567 regimen
1144 2525 1436 2559 ecclesiasticum
1465 2525 1561 2559 votis
1596 2525 1711 2559 natio
1714 2524 1848 2559 ialibus
1877 2526 1912 2559 et
1939 2523 2099 2567 politicis

329 2569 560 2623 obtemperet
588 2573 697 2615 atque
734 2583 777 2606 ex
814 2572 869 2607 his
897 2573 1130 2617 agendorum
1167 2583 1335 2606 normam
1372 2573 1509 2607 sumat·
1539 2582 1665 2606 verum
1704 2583 1724 2606 a
1762 2581 1875 2606 sensu
1903 2570 2099 2612 catholico,

328 2616 413 2649 nihil
442 2619 559 2659 magis
587 2618 745 2653 alienum
774 2622 846 2661 est,
883 2630 992 2664 quam
1030 2621 1079 2654 ita
1105 2621 1258 2659 sentire·
1299 2620 1457 2664 quisque
1486 2619 1691 2653 catholicus
1719 2620 1815 2654 enim
1846 2619 1962 2653 credit
1989 2620 2098 2662 atque

328 2665 570 2698 certissimum
614 2665 723 2700 habet
751 2667 889 2709 Papam
931 2669 965 2701 et
992 2667 1205 2711 Episcopos
1245 2678 1265 2701 a
1305 2666 1441 2710 Spiiitu
1482 2666 1618 2701 Sancto
1661 2667 1807 2710 positus
1848 2676 1932 2701 esse
1971 2675 2099 2710 regere

328 2710 528 2745 Ecclesiam
560 2714 638 2747 Dei.
669 2714 764 2751 (Act.
792 2714 868 2756 XX.
897 2715 968 2755 28.)

470 2758 592 2801 Quam
623 2759 670 2793 ob
699 2771 773 2794 iem
812 2772 924 2795 nemo
959 2771 1095 2803 negare
1131 2763 1257 2804 potest
1284 2761 1462 2795 Nostrum
1499 2771 1581 2795 esse
1620 2761 1721 2794 omni
1758 2770 1841 2794 cum
1880 2760 2098 2794 auctoritate

328 2810 361 2837 et
389 2806 551 2839 muneris
578 2807 703 2841 Nostri
732 2809 929 2851 p1storalis
956 2810 1142 2852 potestate
1170 2818 1302 2842 vocem
1331 2809 1506 2843 Nostram
1536 2810 1664 2842 contra
1692 2808 1879 2842 eiusmodi
1907 2807 2098 2842 molimina

328 2851 456 2894 effere,
496 2863 590 2896 quae
630 2856 705 2888 tum
747 2855 795 2889 ob
833 2857 1024 2899 principia,
1062 2855 1197 2900 quibus
1233 2856 1454 2897 innituntur,
1495 2858 1571 2889 tum
1610 2854 1658 2889 ob
1686 2855 1860 2897 modum,
1889 2865 1964 2898 quo
1993 2854 2096 2896 fiunt,

327 2897 474 2933 efficere
501 2900 645 2942 valunt,
684 2905 721 2936 ut
756 2902 921 2937 Ecclesia
947 2914 967 2936 a
995 2904 1076 2938 Deo
1105 2902 1258 2936 fundata
1285 2902 1426 2937 servilis
1455 2903 1663 2936 studiorum
1692 2902 1939 2936 humanorum
1968 2901 2098 2936 ancilla

329 2945 400 2987 iia,t
428 2949 466 2980 ut
494 2947 587 2981 tides
624 2949 753 2991 populi
792 2949 1042 2992 labefactetur,
1080 2952 1118 2984 ut
1145 2949 1344 2992 vinculum,
1383 2960 1456 3002 quo
1495 2960 1578 2983 cum
1608 2949 1788 2984 Pontifice
1826 2950 2007 2991 Romano,
2035 2950 2097 2992 qui

327 3004 345 3025 ι
383 2993 462 3027 Iesu
493 2994 642 3029 Christo
677 2996 863 3031 Ecclesiae
899 3000 1010 3040 caput
1043 2998 1268 3032 constitutus
1304 2998 1369 3039 est,
1397 2997 1595 3041 iunohnur,
1624 2996 1804 3031 relaxetur
1841 3007 1883 3031 ac
1921 2996 2096 3037 solvatur,

329 3040 521 3083 disciplina
549 3042 798 3077 ecclesiastica
837 3047 1030 3086 evertatur,
1068 3045 1218 3079 tandem
1255 3046 1294 3078 ut
1329 3044 1594 3086 magisterium,
1629 3044 1809 3085 legislatio
1848 3053 1914 3078 nec
1942 3053 2018 3077 non
2049 3042 2095 3076 de

328 3086 437 3121 rebus
465 3088 725 3124 ecclesiasticis
751 3090 940 3125 iudicandi
975 3092 1031 3126 ius
1068 3092 1113 3125 ad
1153 3092 1368 3134 opinionem
1397 3092 1474 3125 sive
1501 3092 1681 3134 privatam
1709 3092 1786 3126 sive
1814 3090 2001 3134 publicam
2030 3090 2095 3124 de-

329 3132 473 3169 teratur

470 3181 644 3216 Ceterum
680 3184 787 3218 etiam
829 3184 874 3218 de
910 3184 1022 3219 rebus
1058 3185 1218 3228 politicis
1251 3185 1366 3219 levius
1405 3185 1568 3219 iudicare
1597 3185 1782 3220 dicendus
1809 3187 1864 3220 est
1891 3186 2026 3228 putans
2055 3193 2094 3218 se

327 3227 463 3267 gloriae
491 3230 650 3263 nationis
676 3240 765 3264 suae
794 3241 837 3265 eo
866 3232 1075 3274 providere,
1112 3234 1149 3266 ut
1185 3232 1349 3267 dessidia
1375 3233 1410 3266 in
1439 3242 1481 3266 ea
1509 3233 1669 3266 seminet
1697 3233 1852 3276 eiusque
1879 3231 2093 3274 religionem
