2191 3434
561 161 1144 209 Glagolito-Romanae
1170 159 1261 196 XVI
1287 171 1316 199 s.
1817 163 1859 196 27

211 224 217 231 .
357 226 386 229 „-
765 226 771 228 ,
1166 225 1209 227 ἢ,
1313 225 1322 227 r
1485 225 1536 227 mm
1579 226 1599 227 Π
1626 225 1860 229 Ὗᾼὴκρ..

4 341 13 355 ,,,
157 309 270 350 Acta
303 308 381 351 SS.
414 309 701 350 Oecumenici
735 308 919 350 Concilii
951 308 1192 348 Tridentini
1227 323 1250 348 a
1285 308 1488 349 Gabriele
1523 307 1750 349 Cardinale
1786 309 1861 348 Pa-

0 376 155 415 awotto
187 370 521 421 archiepiscopo
554 368 821 408 Bononiensi
856 369 1113 420 conscripta.

157 428 270 469 Acta
303 428 523 470 Sessionis
556 428 628 468 Vi.
661 427 872 468 Doctrina
905 428 961 468 de
995 427 1220 468 Sacrificio
1253 427 1412 467 Missae
1445 429 1672 480 proposita
1694 430 1858 467 exami-

54 489 160 529 ,nda
193 489 264 529 die
297 489 325 529 6
357 487 547 541 Augusti
584 487 696 528 1562
729 496 810 528 etc.
844 486 1048 529 Canones
1082 494 1162 527 ete.
1197 484 1299 539 (Cfr.
1333 487 1383 527 N.
1409 486 1520 540 111.)

14 558 18 564 ·
156 548 235 588 His
267 549 324 588 ita
344 549 542 600 peractis,
563 560 664 587 cum
687 547 758 587 die
783 550 830 587 11
874 546 1063 600 Augusti
1097 548 1336 586 sententiae
1375 547 1546 586 Patrum
1571 548 1611 586 in
1644 549 1860 587 concione

21 668 214 713 octrina
245 667 415 719 plenior
446 667 601 719 aliqua,
632 673 705 706 aut
738 666 948 718 praefatio
982 673 1163 713 tantum,
1195 672 1268 705 aut
1301 665 1404 705 nihil
1439 667 1585 716 potius
1607 665 1860 707 Canonibus

42 726 391 779 raeponendurn.

157 785 409 827 Secundam
444 787 700 838 opinionem
734 787 898 837 primus
929 785 1147 838 Jadrensis
1181 783 1556 836 (archiepiscopus
1589 784 1752 825 Mutius
1780 785 1859 827 Ca—

46 912 318 958 raeponatur‚
350 918 462 958 quae
494 912 642 945 nostra
684 906 830 957 potius
872 905 1106 956 explicare,
1149 917 1281 956 quam
1315 905 1555 944 rationibus
1589 904 1861 953 confirmare,
1910 913 1915 916 “

40 960 42 962 ’
71 971 86 1004 t
116 965 255 1004 aliena
287 965 484 1004 refellere
516 965 724 1004 videatur.
772 965 876 1004 Post
922 964 1033 1003 hanc
1078 964 1436 1016 disputationem,
1481 977 1593 1016 quae
1627 964 1858 1016 plurimam

22 1025 282 1064 wncionum
315 1032 483 1076 partem
517 1025 761 1076 occupavit,
812 1024 985 1063 fuerunt
1019 1030 1062 1063 et
1104 1024 1314 1063 nonnulla
1347 1017 1427 1063 alia
1461 1024 1502 1063 in
1536 1024 1748 1071 doctrina,
1781 1025 1860 1064 sed

0 1108 3 1132 ;
40 1084 187 1125 revius
205 1084 423 1124 adnotata.
444 1083 570 1132 Nam,
603 1084 724 1136 quod
747 1083 802 1123 ad
822 1083 1000 1123 Missam
1024 1083 1360 1135 prohibendam,
1393 1096 1447 1123 ne
1469 1083 1631 1137 vulgari
1655 1097 1860 1124 sermone

40 1144 234 1192 beatur,
261 1143 481 1196 Jadrensis
515 1141 890 1196 (archiepiscopus
922 1142 1085 1183 Mutius
1119 1141 1312 1195 Calinus)
1346 1143 1459 1182 dixit
1492 1144 1574 1182 sibi
1618 1145 1860 1183 minime

99 1203 471 1256 probandum
505 1203 697 1242 videri
721 1215 933 1242 morem
958 1205 1010 1242 in
1044 1202 1433 1252 Dalmatia‚ut
1466 1212 1594 1254 post
1626 1204 1860 1243 latinum

0 1394 4 1398 ·
40 1382 196 1431 ibetur,
211 1381 336 1421 valde
352 1382 729 1430 commendarent,
744 1381 1033 1422 Nimosiensis
1050 1382 1092 1421 id
1110 1395 1157 1421 se
1173 1389 1404 1433 expertum
1424 1383 1464 1421 in
1482 1383 1647 1422 diocesi
1661 1395 1740 1422 sua
1759 1395 1859 1422 cum

50 1443 240 1481 creticis
253 1440 499 1489 affirmavit;
520 1443 592 1494 qui
615 1443 730 1481 bona
752 1442 965 1482 ecclesiae
993 1449 1220 1493 occupata,
1235 1441 1500 1494 quibusdam
1532 1442 1860 1482 conditionibus

11 1530 19 1540 2
42 1502 237 1541 stituere
270 1514 370 1540 cum
405 1501 725 1552 pollicerentur,
758 1502 868 1541 inter
901 1514 973 1541 eas
1007 1503 1241 1553 praecipua
1274 1501 1381 1541 haec
1416 1509 1516 1549 erat,
1551 1509 1595 1541 ut
1628 1502 1776 1542 liceret
1799 1504 1860 1542 eis

17 1559 46 1608 β’
61 1561 190 1600 issam
213 1560 377 1614 vulgari
398 1562 545 1613 lingua
567 1562 800 1609 celebrare,
835 1561 956 1613 quod
989 1567 1135 1601 tamen
1171 1562 1231 1601 eis
1265 1573 1440 1612 semper
1474 1561 1708 1602 interdixit.
1730 1562 1859 1603 Unde

64 1632 158 1660 rsus
190 1619 372 1660 delectis
404 1621 632 1673 negotium
667 1620 817 1660 datum
852 1621 930 1660 fuit
971 1621 1083 1660 illius
1126 1621 1431 1660 emendandae
1464 1629 1507 1661 et
1539 1622 1581 1660 in
1614 1622 1857 1662 breviorem

3 1867 40 1904 11
154 1857 270 1899 Doc
267 1860 364 1898 rina
396 1866 438 1899 et
471 1857 674 1900 Canones
708 1867 1081 1899 sacramentorum
1124 1861 1338 1912 propositi
1372 1861 1526 1900 iterum
1575 1862 1858 1901 examinandi

47 1918 86 1958 ie
118 1916 144 1958 5
179 1916 455 1970 Septembris
491 1919 615 1959 1562.
650 1918 750 1972 (Cfr.
786 1919 836 1959 N.
873 1917 985 1971 111.)

153 2000 197 2034 A.
224 1999 398 2040 Theiner,
426 2000 523 2034 Acta
550 1999 724 2035 Genuina
749 2000 814 2035 SS.
843 2000 999 2035 Concilii
1026 2001 1246 2041 Tridentini,
1271 2001 1476 2047 ,Zagrabiae
1497 2005 1603 2043 1874,
1624 2002 1666 2037 11.
1690 2005 1858 2037 572-576.

681 2169 769 2209 113.
802 2160 925 2210 1563,
967 2156 1005 2199 Τ
1001 2157 1168 2199 ridenti.

155 2251 272 2293 Usus
302 2253 478 2306 linguae
512 2255 727 2294 croaticae
755 2254 941 2308 vulgaris
975 2256 1016 2294 in
1037 2255 1277 2309 Evangelio
1301 2258 1432 2296 missa
1453 2255 1581 2296 latina
1605 2256 1801 2305 durante,
1838 2271 1860 2297 a

7 2321 92 2371 Δὃ.
126 2322 324 2365 Concilio
358 2324 618 2365 Tridentino
653 2326 781 2365 tacite
814 2327 1092 2378 approbatur.

155 2395 201 2435 In
234 2394 586 2450 Congregatione
620 2396 823 2437 Generali
858 2395 900 2437 S.
935 2395 1118 2438 Concilii
1165 2398 1220 2438 de
1255 2396 1297 2439 S.
1331 2398 1487 2439 Missae
1523 2398 1761 2449 Sacrificio,
1794 2414 1858 2440 re-

0 2472 178 2511 1·rente
209 2467 542 2520 archiepiscopo
586 2468 790 2520 Jadrensi·
833 2468 970 2508 Mutio
1006 2468 1187 2518 Callino,
1238 2471 1361 2522 quod
1394 2473 1436 2510 in
1490 2471 1704 2511 Dalmatia
1756 2480 1857 2523 post

0 2545 18 2571 θ
40 2538 247 2578 ctionem
280 2538 456 2579 latinam
489 2539 712 2591 Epistolae
746 2547 788 2579 et
821 2540 1044 2593 Evangelii
1068 2541 1224 2581 eadem
1259 2542 1421 2582 slavico
1455 2543 1618 2595 vulgari
1652 2556 1856 2583 sermone

48 2625 60 2643 ·
101 2610 253 2661 populi
285 2611 617 2651 instructionem
651 2611 860 2664 legantur,
894 2610 936 2652 S.
970 2610 1207 2652 Consessui
1256 2614 1340 2653 hoc
1375 2626 1463 2653 non
1498 2614 1762 2654 damnosum
1799 2617 1858 2654 vi-

0 2678 3 2682 ’
69 2691 111 2719 m
162 2688 244 2731 est;
295 2683 369 2734 qui
420 2694 523 2722 usus
568 2694 673 2735 ergo
730 2684 885 2722 »tacito
938 2696 1181 2724 consensu«
1238 2683 1280 2725 S.
1332 2684 1516 2725 Concilii
1569 2686 1850 2726 confirmatus

43 2755 94 2791 St.

161 2820 232 2863 »Si
263 2824 392 2864 tratto
426 2824 543 2878 degli
566 2825 659 2864 altri
692 2827 800 2877 capi,
833 2839 856 2865 e
889 2827 1204 2879 specialmente
1226 2830 1400 2869 intorno
1434 2829 1515 2868 alla
1549 2830 1851 2869 celebrazione

49 2879 131 2920 elle
163 2894 307 2922 messe
327 2884 369 2923 in
401 2884 548 2936 lingue
571 2885 781 2936 popolari.
802 2885 854 2925 V’
876 2888 990 2927 ebbe
1024 2887 1092 2926 chi
1127 2889 1256 2937 disse,
1277 2901 1343 2928 no
1361 2901 1387 2927 n
1419 2902 1445 2940 p
1462 2901 1591 2928 arei
1606 2889 1688 2941 gli
1724 2889 1751 2928 cl
1769 2903 1791 2927 a
1810 2901 1856 2927 n

60 2941 230 2980 evole
271 2941 421 2983 l’uso
455 2944 604 2983 della
656 2943 963 2995 Dalmazia‚
1012 2960 1119 2986 ove
1163 2960 1455 2999 appresso
1502 2948 1597 2987 del
1606 2921 1856 3000 ‘’vange-

0 3001 7 3019 ³
44 2999 286 3040 olatino
337 3002 571 3056 leggesi
622 3003 676 3043 lo
727 3011 922 3045 stesso
970 3007 1099 3045 nell'
1120 3007 1344 3047 idioma
1400 3007 1718 3047 schiavone
1780 3020 1856 3060 pei

44 3066 427 3102 mmaestramento
460 3062 531 3103 dei
564 3064 761 3116 popoli‹.
