2191 3434
614 300 1213 343 Glagolito-Romanae
1240 302 1334 337 XIX.
1363 313 1391 338 s.
1776 306 1817 342 91

43 427 53 485 1ζ
88 445 141 487 de
174 445 291 486 Urbe
326 443 590 495 Collegiatae
625 445 866 494 Canonico‚
902 447 974 496 qui
1008 446 1107 486 huic
1141 449 1262 498 operi
1297 449 1563 498 perficiendo
1598 448 1777 490 solerter
1799 450 1870 490 ad-

41 501 51 562 j}
88 503 302 554 laboravit,
338 505 682 545 demandandam
717 517 960 545 censemus.

225 600 402 652 Jaderae
438 601 506 640 die
541 602 595 641 22
630 599 787 652 Aprilis
826 602 950 642 1893.

915 734 956 773 L.
992 733 1031 773 S.
1066 738 1090 781 †
1124 734 1364 784 Gregorius
1397 734 1778 787 Archiepiscopus.

227 804 503 855 imprimatur.
797 805 877 845 Die
912 807 967 844 24
1001 805 1183 855 Augusti
1222 807 1346 846 1895.

666 881 689 924 †
722 877 784 916 Fr.
807 876 1072 927 Augustinus
1106 876 1473 929 Archiepiscopus
1508 880 1775 928 Larissensis⁷

829 947 1088 988 Secretarius
1123 949 1175 989 de
1202 949 1485 1000 Propaganda
1520 951 1633 990 Fide.

728 1114 833 1157 108.
874 1115 1011 1166 1893,
1047 1113 1234 1160 Romae.

225 1220 397 1262 Missale
433 1220 930 1272 Glagolito-Romanum‚
966 1236 987 1262 a
1023 1221 1182 1263 Carolo
1218 1223 1361 1263 Parcic'
1396 1225 1606 1264 canonico
1643 1224 1682 1264 S.
1716 1225 1869 1264 HIero-

32 1324 37 1346 s
84 1295 195 1347 nymi
229 1292 512 1334 Slavonorum
548 1294 601 1334 de
636 1295 753 1335 Urbe
788 1294 1021 1344 redactum,
1057 1296 1173 1335 iussu
1209 1299 1247 1334 et
1281 1296 1485 1346 impensis
1520 1296 1673 1335 Leonis
1708 1297 1749 1335 Ρ.
1786 1297 1869 1335 XIII

36 1374 42 1427 ’ξ
83 1378 105 1406 a
149 1364 188 1405 S.
225 1365 577 1416 Congregatione
622 1366 676 1406 de
711 1367 995 1417 Propaganda
1031 1367 1131 1406 Pide
1165 1368 1273 1419 typis
1308 1367 1501 1407 elusdem
1537 1367 1576 1407 S.
1614 1367 1866 1417 Congrega-

37 1437 41 1461 ·:
83 1437 207 1478 tionis
240 1435 493 1488 publicatur.

225 1532 397 1573 Missale
432 1535 670 1577 Romanum
696 1532 923 1574 Slavonico
960 1533 1162 1574 idiomate
1188 1547 1238 1574 ex
1261 1535 1433 1574 decreto
1460 1534 1723 1574 Sacrosancti
1749 1534 1865 1574 Con-

84 1591 163 1634 cilii
181 1594 412 1633 Tridentini
447 1595 680 1634 restitutum
716 1593 755 1634 S.
783 1595 840 1634 Pii
863 1595 900 1635 V
933 1594 1163 1633 Pontificiis
1196 1595 1366 1634 Maximi
1405 1595 1524 1644 jussu
1561 1595 1734 1642 editum,
1770 1592 1866 1634 Cle-

28 1662 34 1681 ·²
84 1653 231 1693 mentis
268 1654 364 1702 VIII,
400 1654 561 1694 Urbani
592 1654 674 1694 VIII
708 1658 747 1694 et
780 1655 934 1694 Leonis
968 1654 1051 1693 XIII
1087 1655 1330 1694 auctoritate
1365 1655 1647 1704 recognitum.
1692 1655 1866 1701 Romae,

84 1725 133 1754 ex
179 1714 461 1765 typographia
519 1712 755 1766 polyglotta
817 1713 856 1754 S.
893 1714 1257 1764 Congregationis
1317 1714 1370 1754 de
1429 1714 1711 1765 Propaganda
1766 1713 1867 1752 Fide
1932 1731 1935 1734 <

83 1772 428 1813 MDCCCXCIII.

25 1827 31 1888 :j
225 1832 335 1873 Cum
360 1834 594 1883 peritorum
618 1833 791 1881 iudicio,
816 1831 988 1873 Missale
1011 1834 1096 1873 hoc
1119 1831 1404 1882 Slavonicum,
1429 1833 1742 1872 characteribus
1768 1830 1867 1872 Gla-

28 1886 33 1906 4
83 1889 265 1943 golitieis
299 1905 563 1943 expressum,
612 1891 795 1932 Missalis
831 1894 1008 1935 Romani
1051 1894 1294 1932 versionem
1329 1892 1508 1932 fideliter
1542 1893 1714 1940 reierat3
1758 1892 1867 1943 typis

83 1952 232 1992 excudi
268 1956 307 1992 et
339 1953 378 1992 in
403 1950 543 1992 lucem
564 1953 646 2001 edi,
681 1965 756 2003 par
780 1957 1026 2003 praesentes
1061 1951 1213 1992 litteras
1237 1954 1496 2002 permittitur.
1532 1953 1686 1992 Datum
1707 1953 1866 1993 Romae

83 2023 133 2052 ex
164 2011 345 2052 aedibus
379 2011 530 2052 Sacrae
566 2012 930 2062 Congregationis
965 2012 1017 2052 de
1053 2012 1336 2063 Propaganda
1370 2013 1470 2052 Fide
1506 2012 1573 2052 die
1609 2014 1662 2051 25
1685 2011 1866 2062 Januarii

27 2125 30 2162 l
1027 2136 1049 2179 η’-
1083 2132 1123 2171 F.
1146 2131 1256 2181 Aug.
1281 2131 1481 2182 Archiep.
1517 2132 1722 2171 Larissen.

1182 2204 1262 2243 Pro
1277 2226 1292 2231 -
1307 2203 1578 2243 Secretarius.

26 2287 32 2307 ,ι
85 2261 345 2313 Imprimatur

315 2347 377 2386 Fr.
403 2344 588 2397 Raphael
624 2347 793 2386 Pierotti
829 2346 936 2387 Ord.
974 2347 1137 2396 Praed.,
1172 2346 1211 2386 S.
1239 2347 1280 2386 P.
1305 2346 1353 2386 A.
1389 2347 1603 2396 Magister.

26 2443 27 2467 ³
85 2429 346 2493 Imprimatur

27 2506 30 2515 ⁴
421 2524 555 2577 Julius
590 2527 703 2566 Lenti
739 2528 974 2566 Patriarcha
1010 2527 1336 2578 Constantinop.
1371 2527 1543 2576 Vicesg.

224 2618 334 2662 Juxta
360 2618 552 2663 exemplar
577 2619 758 2664 typicum.

571 2776 676 2820 109.
716 2776 853 2827 1898,
887 2778 917 2818 5
949 2774 1157 2831 Augusti,
1192 2775 1379 2821 Romae.

226 2882 473 2924 Decretales
507 2884 546 2925 S.
572 2886 738 2927 Rituum
775 2885 1137 2935 Congregationis
1184 2885 1236 2924 de
1284 2897 1363 2924 usu
1399 2882 1567 2933 linguae
1611 2881 1789 2922 slavicae
1825 2883 1863 2920 in

87 2949 249 3004 liturgia
285 2953 717 3005 Glagolito-Romana
752 2957 804 2996 ad
840 2957 1096 2996 Ordinar10s
1142 2956 1455 3006 provinciarum
1501 2955 1768 3001 Goritiensis‚
1802 2953 1864 3002 Ja-

21 3019 24 3027 ‘
87 3022 250 3065 drensis
284 3029 323 3066 et
353 3027 653 3076 Zagrabiensis
688 3028 821 3076 datae,
847 3040 943 3066 cum
974 3027 1142 3066 duabus
1167 3025 1579 3076 interpretationibus
1603 3024 1862 3063 authenticis.

26 3143 27 3146 Ἴ
86 3094 136 3135 Ν.
161 3097 288 3138 3999.

226 3180 266 3220 S.
292 3182 458 3223 Rituum
494 3182 857 3232 Congregationis
891 3183 943 3221 ad
977 3181 1356 3231 Archiepiseopos‚
1392 3181 1632 3230 Episcopos
1667 3182 1704 3217 et
1735 3177 1863 3217 Ordi-

24 3251 26 3275 ι
87 3239 227 3279 narios
261 3240 576 3281 Provinciarum
612 3242 819 3290 Goritien,
853 3242 1019 3292 Jadren.
1056 3244 1094 3280 et
1125 3240 1375 3290 Zagabrien.
