2191 3434
600 309 1201 352 Glagolito-Romanae
1227 311 1320 347 XIX.
1347 323 1377 347 s.
1807 317 1851 352 95

264 453 561 494 Sanctissimus
595 455 809 495 Dominus
843 456 1000 496 Noster
1033 457 1118 496 Leo
1154 457 1265 507 Papa
1298 458 1394 506 XIII,
1415 460 1576 498 attentis
1600 461 1815 510 expositis,
1851 474 1900 501 ex

120 512 319 554 consulto
354 514 548 554 eiusdem
583 514 734 554 Sacrae
770 515 1146 566 Congregationis,
1192 518 1314 556 cuius
1349 519 1527 557 examini
1561 519 1646 558 hoc
1679 521 1898 569 negotium

121 574 401 614 commissum
423 574 568 623 fuerat,
604 573 820 614 declarare
843 574 1040 625 dignatus
1065 578 1139 624 est,
1175 577 1369 626 praefatis
1406 575 1599 617 ecclesiis
1632 577 1898 629 privilequm

122 634 348 673 extinctum
364 645 451 673 non
469 634 613 682 fuisse,
631 635 664 674 si
684 646 788 674 usus
806 632 977 685 linguae
1001 633 1337 685 palaeoslavicae
1357 637 1459 676 intra
1478 641 1722 687 postremos
1737 639 1900 688 triginta

120 705 256 733 annos
275 693 539 733 intermissus
572 693 706 741 fuerit,
742 706 828 733 non
862 692 1111 743 voluntarie,
1147 695 1223 734 sed
1259 707 1310 734 ex
1342 697 1591 736 necessitate
1627 697 1683 736 ob
1710 701 1900 738 externas

117 764 267 792 causas
301 753 597 803 impedientes,
641 751 755 793 velut
789 765 839 793 ex
885 754 1122 794 deficientia
1158 752 1529 795 Palaeoslavorum
1564 755 1798 796 Missalium
1833 761 1900 797 aut

119 811 398 852 Sacerdotum
434 813 628 852 eiusdem
663 811 834 863 linguae
868 814 1115 864 peritorum.

261 871 400 922 Atque
447 873 497 912 ita
541 873 716 912 rescribi
758 876 796 912 et
830 871 1033 913 declarari
1069 873 1291 922 mandavit,
1340 875 1490 914 ceteris
1523 875 1694 925 praefati
1729 876 1898 915 Decreti

119 943 195 971 seu
229 932 472 971 Litterarum
519 932 602 971 diei
650 934 673 972 5
708 931 889 982 Augusti
928 934 1038 973 1898
1073 934 1482 984 praescriptionibus
1528 935 1568 974 in
1615 947 1695 974 suo
1739 935 1898 975 robore

117 992 479 1042 permanentibus,
515 992 583 1031 die
623 994 672 1031 14
707 991 887 1042 Augusti
928 994 1051 1033 1900.

261 1050 385 1091 Quae
433 1051 534 1090 dum
575 1051 648 1090 tibi
697 1063 777 1102 pro
812 1053 895 1092 mei
930 1053 1117 1092 muneris
1151 1053 1311 1093 ratione
1346 1054 1557 1103 significo,
1605 1057 1648 1093 ut
1681 1054 1752 1093 diu
1788 1055 1897 1094 bene

115 1109 256 1150 valeas
290 1123 341 1150 ex
373 1111 515 1150 animo
550 1111 762 1162 adprecor

853 1207 910 1246 tui
944 1207 1164 1247 studiosus

747 1303 788 1342 L.
813 1303 869 1342 Μ.
894 1303 1021 1343 Card.
1048 1303 1252 1342 Parocchi

1201 1387 1252 1426 D.
1280 1388 1419 1427 Panici
1453 1387 1651 1438 Archiep.
1678 1386 1893 1427 Sardicen.

1285 1470 1324 1510 S.
1351 1472 1394 1513 R.
1420 1470 1468 1510 C.
1495 1470 1752 1510 Secretarius

110 1609 144 1645 N
201 1610 224 1645 8
255 1561 439 1597 Collectio
468 1561 630 1596 Actuum
660 1561 887 1598 officialium
910 1563 1046 1598 Curiae
1066 1563 1407 1607 Archiepiscopalis
1427 1563 1628 1607 Jadrensis‚
1656 1563 1738 1597 XIX
1757 1563 1891 1606 (1900),

149 1620 174 1644 r.
227 1637 234 1645 .

611 1729 681 1781 B).
721 1731 858 1782 1902,
896 1732 953 1772 14
985 1730 1165 1782 Martii,
1199 1730 1386 1776 Romae.

255 1840 320 1879 Ad
342 1839 470 1879 dubia
490 1840 569 1879 sibi
589 1840 810 1890 proposita
834 1841 944 1879 circa
969 1841 1333 1890 interpetationem
1358 1837 1643 1880 Articulorum
1669 1841 1693 1888 I,
1715 1840 1764 1879 IX
1787 1844 1825 1879 et
1842 1840 1893 1878 XI

114 1912 356 1951 Litterarum
391 1908 678 1951 Decretalium
713 1911 753 1951 S.
779 1912 945 1954 Rituum
982 1911 1344 1962 CongregationIS
1379 1912 1461 1951 diei
1497 1914 1535 1951 5.
1558 1911 1738 1961 Augusti
1768 1911 1890 1957 1898,

112 1983 263 2022 eadem
298 1982 338 2023 S.
362 1982 656 2033 Congregatio
691 1983 877 2022 Decreto
914 1981 1114 2023 Generali
1150 1981 1358 2023 declarat:

238 2066 499 2114 Decretum,
540 2066 589 2105 14
624 2067 759 2105 Martii
799 2067 922 2106 1902.
979 2065 1103 2105 Sacra
1150 2067 1316 2108 Rituum
1363 2066 1671 2116 Congregatio,
1717 2066 1890 2105 decreto

111 2138 151 2165 n.
178 2127 292 2166 3999
328 2126 411 2165 diei
447 2128 470 2165 5
495 2125 675 2175 Augusti
706 2127 828 2174 1898,
865 2129 903 2165 et
936 2126 1215 2176 subsequenti
1251 2123 1524 2165 declarationi
1560 2125 1642 2164 diei
1672 2127 1721 2164 14
1745 2125 1892 2174 Augu—

111 2187 160 2225 sti
190 2187 314 2234 1900,
359 2185 412 2225 de
454 2197 532 2225 usu
575 2184 745 2235 linguae
781 2183 959 2225 slavicae
995 2186 1034 2224 in
1069 2198 1186 2225 sacra
1221 2186 1402 2235 Liturgia
1436 2185 1608 2224 firmiter
1640 2185 1890 2232 adhaerens,

111 2245 162 2285 ad
199 2246 410 2295 quaedam
446 2245 575 2284 dubia
610 2257 660 2285 ex
694 2245 870 2284 diversis
906 2245 1182 2285 dioecesibus
1217 2245 1296 2284 sibi
1330 2245 1552 2295 proposita
1581 2245 1728 2284 iterum
1752 2242 1891 2283 decla-

109 2317 201 2344 rare
235 2305 416 2344 censuit:

283 2365 308 2404 I.
344 2365 384 2404 In
420 2361 644 2413 Catalogo‚
689 2365 797 2403 quta
844 2362 1063 2404 articulum
1099 2365 1110 2404 I
1145 2365 1315 2414 praefati
1357 2364 1514 2403 decreti
1547 2376 1586 2403 n.
1623 2365 1736 2403 3999
1772 2375 1890 2413 prae-

110 2424 283 2474 scripto,
318 2423 613 2463 inscribendas
646 2427 803 2463 tantum
839 2436 933 2463 esse
969 2422 1058 2463 illas
1092 2422 1302 2463 Ecclesias
1336 2436 1415 2474 pro
1442 2423 1599 2473 quibus
1623 2421 1888 2473 privilegium

110 2481 281 2533 liuguae
315 2481 649 2534 palaeoslavicae
684 2481 908 2523 invaluisse
944 2487 982 2523 et
1014 2495 1165 2534 reapse
1198 2484 1357 2533 vigere,
1380 2484 1543 2532 triginta
1566 2481 1711 2522 saltem
1736 2482 1890 2521 abhinc

110 2544 244 2591 annis,
280 2543 549 2582 documentis
584 2545 622 2581 et
642 2543 819 2582 testibus
843 2546 959 2582 certo
984 2543 1157 2593 probari
1182 2546 1341 2593 potest;
1366 2555 1507 2592 neque
1533 2542 1727 2581 sufficere
1753 2539 1886 2580 solam

109 2602 236 2642 huius
270 2603 369 2642 iuris
403 2602 760 2652 suppositionem,
796 2605 834 2641 et
857 2606 1065 2653 quatenus
1090 2603 1286 2653 probatio
1311 2602 1439 2641 dubia
1461 2602 1676 2649 habeatur,
1702 2599 1887 2649 linguam

110 2659 276 2701 latinam
311 2673 482 2701 manere
516 2662 555 2701 in
590 2663 884 2712 possessione.

253 2722 350 2761 Item
385 2719 584 2760 Ecclesiis
619 2719 889 2771 privilegiatis
922 2733 1009 2760 non
1045 2733 1138 2761 esse
1174 2720 1515 2760 adnumerandas
1540 2717 1642 2767 illas,
1668 2720 1706 2758 in
1732 2719 1888 2768 quibus

111 2781 333 2830 permixtio
368 2778 537 2830 linguae
579 2778 726 2820 latinae
773 2793 870 2820 cum
914 2778 1057 2830 lingua
1092 2781 1273 2819 croatica
1308 2792 1382 2819 seu
1418 2779 1624 2818 moderna
1659 2779 1697 2817 in
1732 2779 1886 2817 Missae

111 2838 326 2879 Sacrificio
369 2840 595 2890 hucusque
639 2839 823 2879 adhibita
867 2843 947 2888 est;
995 2841 1091 2890 quia
1127 2840 1344 2879 decretum
1380 2850 1579 2888 expresse
1615 2836 1801 2887 loquitur
1835 2836 1887 2874 de

110 2897 202 2938 sola
242 2897 385 2949 lingua
428 2896 749 2949 palaeoslavica.
798 2900 950 2949 Neque
986 2900 1039 2938 ad
1073 2900 1137 2937 ius
1171 2899 1340 2948 praefati
1376 2895 1580 2948 privilegii
1616 2896 1886 2946 probandum

110 2959 209 2998 satis
243 2971 351 3007 esse,
386 2962 429 2998 ut
449 2956 614 3008 aliquae
636 2962 775 3008 partes
799 2960 969 3006 Missae,
992 2972 1029 2997 v.
1054 2970 1115 3007 gr.
1140 2956 1301 3005 Gloria,
1328 2957 1472 2996 Credo
1499 2961 1574 2995 etc.
1601 2968 1621 2995 a
1647 2953 1885 2993 celebrante

112 3018 353 3057 intonentur
395 3030 470 3057 seu
515 3021 732 3057 cantentur
765 3019 804 3057 in
840 3016 982 3067 lingua
1017 3017 1212 3064 croatica,
1249 3016 1349 3055 dum
1385 3014 1461 3054 alia
1497 3015 1636 3053 omnia
1671 3015 1709 3052 in
1745 3011 1885 3059 lingua

112 3074 233 3116 latina
279 3077 331 3116 ab
377 3077 533 3116 eodem
580 3078 822 3125 recitantur3
868 3081 906 3116 et
948 3081 990 3115 ut
1036 3073 1225 3125 populus
1270 3079 1426 3113 tantum
1472 3077 1605 3112 cantet
1646 3070 1709 3111 vel
1746 3072 1886 3110 recitet

112 3147 263 3186 preces
297 3137 336 3175 in
370 3134 514 3186 lingua
545 3134 720 3186 vulgari.

255 3196 363 3235 quta
396 3196 506 3235 hanc
538 3208 733 3234 normam
769 3193 1021 3243 Catalogum
1057 3194 1129 3232 rite
1164 3193 1404 3232 confectum
1441 3191 1492 3229 ad
1527 3189 1693 3228 Sacram
1720 3190 1884 3230 Rituum

113 3253 508 3305 Congregationem
544 3254 909 3294 transmittendum
945 3265 1052 3292 esse.
