2243 3444
436 224 480 255 48
1133 219 1588 266 Fontesliturgiae

1102 376 1190 418 175.
1225 368 1352 418 1596,
1385 363 1615 417 Aquileiae.

577 463 761 504 Decreta
794 462 976 504 Concilii
1009 461 1284 501 Provincialis
1318 460 1399 500 sub
1433 460 1671 511 patriarcha
1691 461 1923 500 Francisco
1945 461 2132 501 Barbaro
2155 461 2220 502 cel

435 535 554 583 brati,
605 535 749 587 quoad
784 535 996 586 liturgiam
1032 532 1337 584 Glagol'iticam
1391 539 1432 570 et
1484 532 1675 584 linguam
1717 532 1919 571 slavicam
1972 532 2227 585 vulgarem¹

438 606 591 645 eadem
625 606 856 656 provincia.

582 676 809 716 »Sanctam
843 676 1085 715 Romanam
1120 674 1362 713 Ecclesiam
1398 675 1646 726 magistram
1679 682 1722 713 et
1756 682 1936 714 matrem
1970 675 2225 727 agnoscimu

437 736 546 774 hanc
568 744 613 774 ut
635 737 674 774 in
697 736 882 787 reliquis,
915 736 1042 773 etiam
1078 735 1158 773 ritu
1193 740 1234 773 et
1267 734 1503 772 ministerio
1537 733 1835 773 ecclesiastico
1870 733 2007 773 modo
2035 735 2224 786 sequimi

436 817 492 822 -
524 794 810 834 Decernimus
843 796 980 846 igitur,
1014 799 1058 832 ut
1081 794 1122 832 in
1155 800 1245 832 tota
1265 791 1535 844 Aquileiensi
1558 793 1794 841 Provincia,
1815 794 1856 831 in
1878 792 2087 832 Ecclesiis
2114 790 2224 834 Cath

438 854 627 893 dralibus
670 852 919 905 Collegiatis
962 852 1284 892 parochialibus
1327 859 1368 891 et
1408 852 1499 890 aliis
1564 853 1916 904 quibuscumque
1969 864 2047 892 seu
2092 852 2224 903 publi.

437 926 567 964 quam
602 913 796 964 privatim
831 914 871 951 in
905 920 1128 962 posterum
1164 910 1307 950 Horae
1341 912 1577 950 canonicae
1617 924 1674 950 ex
1712 910 1928 950 Breviario
1960 923 2143 951 romano
2188 924 2224 951 si

437 972 511 1010 Pio
546 972 584 1011 V
620 972 737 1011 edito
772 973 1012 1010 recitentur.
1063 994 1120 998 —
1171 970 1302 1021 Quod
1354 971 1456 1009 item
1509 970 1787 1010 decernimus
1831 971 1872 1009 in
1896 970 2078 1025 ¹Missali,
2110 971 2228 1010 Ritus

437 1030 815 1070 Sacramentorum
851 1039 892 1069 et
925 1031 965 1069 in
999 1030 1089 1069 aliis
1123 1029 1458 1069 observandum.
1494 1053 1550 1057 —
1583 1028 1862 1069 Sacramenta
1895 1031 2040 1069 omnia
2082 1042 2140 1069 ex
2183 1030 2221 1070 R

438 1103 566 1129 mano
600 1090 753 1129 Rituali
788 1091 1092 1129 ministrentur.

578 1149 659 1200 Qui
694 1149 906 1199 Illyricam
941 1161 1059 1187 oram
1095 1149 1255 1195 colunt,
1277 1148 1498 1199 Episcopi,
1532 1149 1573 1186 in
1607 1161 1691 1200 qua
1724 1148 1984 1187 Breviarium
2019 1154 2060 1187 et
2091 1147 2223 1188 Missa

436 1208 580 1260 lingua
613 1208 773 1258 illyrica
806 1210 847 1247 in
881 1221 960 1247 usu
994 1208 1217 1255 habentur,
1250 1215 1296 1247 ut
1328 1208 1396 1246 illa
1430 1207 1659 1260 diligenter
1690 1207 1894 1247 adhibitis
1926 1207 2081 1256 doctis,
2113 1214 2156 1247 et
2187 1219 2223 1259 p:

436 1269 544 1316 viris,
596 1269 669 1319 qui
702 1268 893 1319 linguam
939 1267 1053 1306 illam
1099 1267 1267 1313 callent,
1298 1267 1574 1316 revideantur
1597 1273 1640 1306 et
1677 1266 1978 1306 emendentur.
2010 1264 2225 1318 Optandu

435 1333 579 1365 tamen
613 1334 739 1374 esset,
772 1334 816 1365 ut
848 1326 1170 1377 Episcoporum
1204 1326 1474 1376 Illyricorum
1507 1327 1729 1378 diligentia
1762 1327 1924 1365 sensim
1955 1325 2142 1366 Romani
2169 1325 2222 1365 ΒΓ

434 1387 549 1424 viarii
583 1398 685 1425 usus
718 1398 818 1425 cum
864 1385 1024 1424 Missali
1066 1387 1168 1424 item
1214 1386 1414 1424 Romano
1456 1392 1497 1424 et
1529 1385 1686 1424 Rituali
1720 1383 2102 1425 Sacramentorum
2136 1386 2219 1424 intr

437 1445 635 1492 ducatur,
668 1445 788 1496 quod
822 1445 996 1484 efficere
1030 1458 1108 1494 pro
1143 1457 1293 1484 eorum
1329 1445 1488 1495 pietate
1520 1457 1570 1484 ac
1603 1444 1833 1496 prudentia
1866 1456 1954 1483 non
1976 1445 2054 1484 erit
2074 1457 2217 1484 summ

436 1517 537 1555 pere
553 1504 741 1552 difficile,
757 1504 996 1556 sijuniores
1012 1503 1215 1547 Clericos,
1233 1510 1274 1543 et
1290 1517 1346 1542 ex
1372 1502 1597 1543 Seminarii
1631 1504 1792 1543 scholis
1807 1503 2008 1552 selectos,
2028 1505 2101 1556 qui
2123 1504 2225 1548 stud,

436 1570 477 1602 et
509 1565 683 1615 ingenio
717 1565 854 1615 magis
880 1563 1111 1614 proficiunt
1156 1576 1363 1602 exercere
1397 1565 1557 1602 sensim
1610 1564 1846 1614 coeperint,
1879 1569 1920 1602 et
1951 1562 2007 1602 ad
2040 1575 2152 1614 opus
2184 1562 2225 1607 hi

434 1623 553 1673 pium
599 1623 794 1662 studiose
839 1624 1148 1674 promoverint,
1200 1622 1305 1661 haec
1351 1624 1392 1661 in
1435 1624 1610 1674 optatis3
1656 1623 1861 1662 executio
1906 1623 2139 1673 praescribi
2179 1634 2224 1662 ne

436 1688 591 1732 potest,
612 1683 875 1733 praescribet
895 1689 1038 1721 autem
1063 1682 1291 1732 prudentia
1325 1682 1494 1721 illorum
1528 1695 1578 1721 ac
1611 1682 1837 1734 singularis
1871 1682 1912 1720 in
1944 1680 2090 1721 Deum
2120 1682 2223 1733 pietzl

437 1739 548 1780 Satis
582 1743 670 1789 erit,
703 1743 736 1780 si
770 1742 849 1780 sibi
883 1743 1185 1792 persuaserint,
1217 1741 1338 1793 quod
1372 1742 1532 1791 passim
1567 1742 1830 1792 experimur,
1857 1742 1899 1779 in
1922 1741 2130 1780 librorum
2151 1739 2223 1786 La·1

436 1812 590 1838 norum
625 1806 665 1839 et
701 1800 944 1839 Italicorum
981 1800 1180 1849 lectione,
1231 1800 1327 1839 illos
1360 1801 1493 1839 libros
1527 1800 1698 1840 mendis
1749 1807 1926 1848 scatere,
1977 1799 2114 1839 multo
2165 1805 2223 1846 ves

437 1859 581 1909 plures
616 1860 830 1909 probabili
876 1858 1126 1911 conjectura
1171 1872 1336 1899 errores
1381 1872 1476 1899 esse
1509 1861 1549 1898 in
1585 1860 1676 1907 illis,
1716 1872 1845 1911 quam
1881 1860 1922 1898 in
1955 1860 2124 1908 nostris,
2156 1871 2222 1911 qu

436 1918 742 1984 quamplurimi
776 1919 937 1970 legunt,
971 1926 1012 1957 et
1045 1919 1176 1958 iidem
1212 1918 1464 1968 emendant;
1507 1919 1602 1958 illos
1644 1926 1788 1957 autem
1822 1919 1948 1970 pauci
1981 1925 2024 1958 et
2056 1918 2222 1963 illittera

437 1979 508 2028 qui
543 1978 798 2029 corrigenda
832 1978 1070 2031 dijudicare
1104 1990 1190 2017 non
1224 1985 1392 2017 norunt.

578 2036 709 2076 Ouod
743 2045 886 2075 autem
936 2038 990 2076 de
1036 2037 1264 2085 B1eviario,
1307 2037 1467 2076 Missali
1507 2045 1548 2076 et
1582 2037 1736 2076 Rituali
1771 2035 2151 2076 Sacramentorum
2185 2042 2221 2093 si]

437 2097 609 2143 tuimus,
663 2097 702 2133 in
737 2109 831 2134 eam
866 2098 1067 2135 volumus
1102 2104 1266 2147 partem
1301 2098 1452 2147 accipi,
1488 2104 1531 2134 ut
1582 2109 1669 2135 non
1704 2095 2081 2146 comprehendant
2113 2094 2221 2136 Cath

439 2154 652 2193 chismum
688 2155 933 2194 Romanum
969 2157 1009 2194 in
1044 2156 1249 2206 illyricam
1285 2156 1474 2208 linguam
1511 2154 1709 2208 Gregorii
1742 2155 1836 2194 XIIl
1868 2155 1990 2207 jussu
2034 2151 2172 2207 (quod
2203 2167 2217 2194 ε

437 2213 490 2252 ad
525 2226 605 2253 nos
639 2226 715 2264 per
748 2221 890 2253 certos
924 2215 1123 2253 homines
1156 2214 1348 2267 allatum)
1383 2227 1661 2254 conversum:
1695 2227 1828 2266 quem
1862 2215 2064 2265 cupimus
2095 2212 2216 2254 aCle

437 2272 607 2322 Illyrico
655 2272 901 2324 frequenter
948 2275 1115 2312 tractari
1161 2281 1202 2313 et
1245 2274 1342 2327 legi,
1388 2281 1433 2313 ut
1466 2275 1518 2313 sit
1550 2273 1619 2312 hic
1652 2280 1844 2313 materna
1877 2273 2022 2326 lingua
2054 2271 2217 2313 Sacerd

438 2332 551 2370 tibus
585 2331 750 2381 illyriae
784 2333 825 2370 in
858 2340 1077 2383 promptu,
1110 2334 1164 2372 ad
1198 2334 1389 2384 populos
1422 2333 1652 2372 docendos
1686 2345 1796 2384 quae
1828 2332 1884 2372 ad
1917 2332 2099 2371 salutern
2117 2344 2220 2371 nece

438 2391 543 2429 saria
576 2399 684 2429 sunt.
719 2389 878 2430 Curent
912 2399 1057 2430 tamen
1090 2391 1314 2443 Episcopi,
1359 2399 1405 2432 ut
1438 2392 1664 2443 exemplar
1695 2391 1875 2443 aliquod
1908 2391 2106 2443 ejusdem
2143 2389 2219 2431 Cat

439 2449 590 2487 chismi
625 2450 1026 2489 emendatissimum
1054 2452 1095 2489 in
1118 2450 1323 2490 Archivio
1356 2450 1605 2502 Episcopali
1630 2458 1873 2501 reponatur,
1905 2463 1956 2489 ac
1989 2451 2114 2490 cuius
2147 2463 2215 2501 pra

438 2510 645 2558 scriptum
669 2509 916 2548 emendatio
939 2512 1208 2562 recognosci,
1230 2518 1271 2550 et
1291 2511 1520 2561 approbari
1537 2512 1577 2548 in
1600 2510 1789 2549 futurum
1811 2516 1987 2560 tempus
2007 2509 2145 2560 possit
2165 2521 2218 2548 cu

437 2567 516 2613 illa,
550 2580 659 2618 quae
694 2567 969 2607 Catechismo
1022 2569 1465 2620 comprehenduntur,
1517 2570 1587 2608 ubi
1640 2569 1696 2608 de
1747 2568 1934 2607 articulis
1983 2567 2086 2608 fidei
2127 2580 2178 2607 ac
2210 2567 2218 2600 εἴ

439 2624 728 2664 §aeramentis
754 2634 955 2666 tractatur
989 2630 1234 2678 periculose
1285 2629 1457 2668 alterius
1490 2628 1661 2680 linguae
1684 2628 1966 2679 ignoratione,
1987 2639 2064 2667 seu
2086 2627 2217 2678 impr<

438 2697 584 2723 sorum
620 2686 720 2723 vitio
767 2692 956 2735 pateant;
1003 2688 1289 2737 periculosius
1335 2701 1437 2726 vero
1483 2688 1672 2739 nequitia
1716 2686 2046 2732 haereticorum,
2079 2696 2217 2738 quoru

431 2745 656 2795 ¹corruptio
691 2745 767 2782 nisi
808 2746 862 2783 ab
895 2744 1139 2797 Episcopis‚
1185 2748 1256 2798 qui
1291 2746 1540 2786 Provinciae
1575 2746 1684 2784 illius
1717 2746 1908 2797 linguam
1959 2756 2047 2784 non
2096 2757 2216 2798 noru:¹

438 2810 585 2852 parato
619 2802 814 2841 remedio
849 2806 1046 2843 convinci
1082 2807 1230 2854 possit,
1263 2806 1420 2857 largius
1453 2805 1702 2844 dimanabit.

579 2861 633 2900 Ut
666 2868 808 2899 autem
857 2863 1034 2912 Illyricis
1079 2865 1253 2915 populis
1287 2864 1641 2915 prospiciendum
1677 2871 1754 2909 est,
1787 2870 1832 2902 ut
1866 2864 1983 2902 verbi
2016 2861 2097 2902 Dei
2130 2863 2215 2914 pah

438 2919 524 2957 lum
561 2920 679 2971 quod
715 2933 770 2958 ex
804 2922 1026 2971 praedicto
1061 2921 1338 2962 Catechismo
1385 2922 1527 2963 Curati
1566 2923 1772 2969 haurient,
1805 2922 1964 2961 habere
1997 2922 2176 2972 possint,
2207 2935 2212 2960 3

438 2979 564 3016 etiam
600 2979 852 3027 curandum,
887 2988 929 3018 ut
963 2989 1092 3031 eaput
1137 2984 1323 3032 primum
1375 2981 1465 3021 »De
1510 2981 1835 3020 Reformatione
1887 2980 2170 3020 Matrimonii«
2206 2997 2211 3016 ι

438 3035 634 3076 Concilio
668 3036 923 3076 Tridentino
958 3052 1053 3077 cunt
1091 3041 1418 3091 impedimentis
1451 3040 1725 3086 Matrimonii,
1759 3039 2050 3078 declaratione
2093 3045 2213 3090 temp

437 3108 543 3144 rum,
577 3097 733 3148 quibus
766 3098 939 3148 nuptiae
985 3099 1279 3150 prohibentur,
1321 3100 1506 3141 habeant
1541 3101 1579 3138 in
1613 3099 1802 3151 linguam
1837 3098 2050 3149 Illyricam
2083 3109 2213 3137 conve,
