2191 3434
665 271 712 306 [Ι.
739 272 839 306 Acta
865 273 1003 307 Curiae
1029 273 1240 310 Romanae.
1736 276 1810 310 VH

35 458 40 460 ,
183 413 227 455 S.
261 411 554 466 Congregatio
603 413 657 455 de
703 414 1000 468 Propaganda
1031 414 1138 456 Fide
1187 415 1446 469 episcopum
1494 416 1762 470 Segnensem
1811 419 1853 458 et

42 471 402 514 Modruscensem
449 472 744 525 reprehendit,
794 472 916 525 quod
959 485 1087 514 usum
1134 473 1316 526 Lgr.nae
1358 474 1401 515 in
1434 475 1523 517 suis
1571 475 1848 516 dioecesibus

40 529 317 585 proscribere
371 531 412 570 et
459 530 640 571 omnino
678 531 895 583 abrogare
942 543 1075 571 ausus
1107 531 1174 580 sit,
1218 534 1266 572 ut
1298 545 1323 573 a
1356 533 1488 574 veteri
1532 533 1850 574 consuetudine

41 588 265 631 movenda
295 588 519 641 rebusque
549 588 766 630 novandis
799 588 1019 630 abstineat
1055 589 1188 639 iubet,
1223 589 1279 630 ib.
1317 590 1410 631 154.

736 725 1024 771 Alexander
1056 727 1155 772 VII.

181 820 226 863 S.
257 821 550 873 Congregatio
575 820 759 862 Concilii
776 820 990 863 relatione
1013 821 1211 875 episcopi
1233 821 1458 863 Parentini
1477 821 1635 863 certior
1651 822 1710 871 fit,
1735 823 1856 876 quod

41 879 216 922 decreta
270 878 438 933 Synodi
505 879 796 920 dioecesanae
840 878 1013 922 Slavica
1058 880 1207 933 lingua
1253 880 1344 921 suis
1385 880 1590 933 parochis
1639 880 1852 933 glagolitis

42 938 300 986 donaverat,
332 936 460 986 XVII,
497 937 601 986 155,
635 937 808 986 iterum,
842 938 963 991 quod
986 939 1240 979 sacerdotes
1263 938 1491 980 dioceseos
1513 939 1672 991 partim
1696 938 1850 981 Latino

41 995 203 1051 partim
235 995 403 1050 Illyrico
437 995 650 1037 idiomate
683 994 905 1036 celebrant
937 996 1099 1047 divina,
1142 996 1200 1037 ib.
1237 997 1330 1045 164,
1367 997 1460 1038 177.

181 1054 349 1095 Eadem
381 1052 426 1094 S.
461 1053 755 1106 Congregatio
798 1053 1010 1095 relatione
1053 1054 1250 1108 episcopi
1296 1054 1654 1108 Justinopolitani
1697 1054 1855 1096 certior

39 1111 101 1164 fit,
133 1111 255 1165 quod
285 1111 330 1152 in
363 1111 570 1152 omnibus
603 1111 812 1153 tredecim
836 1112 961 1165 pagis
985 1125 1135 1154 curam
1168 1112 1416 1155 animarum
1439 1112 1670 1165 glagolitae
1702 1114 1849 1165 agunt,

39 1169 98 1213 ib.
132 1170 236 1219 1563
268 1169 439 1219 iterum,
473 1169 595 1223 quod
627 1169 879 1211 sacerdotes
913 1170 1168 1212 dioeceseos
1200 1171 1447 1223 linguarum
1480 1170 1692 1219 omnium,
1725 1183 1852 1224 prae-

38 1229 241 1283 terquam
272 1226 482 1282 illyricae,
515 1227 656 1280 ignari
688 1230 801 1279 sunt,
832 1228 890 1269 ib.
928 1229 1032 1277 1623
1073 1229 1200 1270 tertio
1232 1242 1350 1278 vero,
1386 1229 1506 1281 quod
1540 1228 1671 1269 iidem
1705 1229 1854 1281 glago-

39 1286 141 1328 litae
174 1285 380 1328 omnibus
428 1286 682 1340 quindecim
727 1286 951 1340 parochiis
1000 1287 1254 1328 dioeceseos
1300 1289 1523 1340 praesunt,
1573 1288 1614 1327 et
1656 1287 1776 1339 quod
1810 1286 1853 1327 in

0 1347 9 1396 ζ
42 1344 217 1386 civitate
250 1343 506 1386 Conventus
539 1343 608 1385 ΙΙΙ.
644 1344 694 1386 Ο.
729 1344 772 1386 S.
807 1344 872 1385 Fr.
908 1345 963 1386 de
995 1346 1049 1386 M.
1085 1345 1135 1387 O.
1168 1345 1324 1397 Lgr.na
1355 1345 1503 1393 utitur,
1538 1345 1595 1385 ib.
1631 1344 1726 1386 169.

0 1441 2 1453 ,
179 1402 218 1443 Α
251 1401 295 1443 S.
330 1402 682 1455 Congregatione
714 1402 770 1444 de
801 1402 934 1457 Prop.
978 1403 1084 1444 Fide
1122 1403 1170 1444 fr.
1203 1403 1393 1445 Joannes
1427 1416 1450 1444 a
1483 1403 1612 1451 Foca,
1648 1402 1853 1443 sacerdos

0 1465 10 1519 ζ
40 1459 96 1504 O.
129 1459 174 1502 S.
206 1460 276 1502 Fr.
309 1460 363 1501 M.
399 1460 449 1502 O.
481 1460 736 1514 provinciae
766 1460 1004 1503 Bosnensis
1038 1464 1133 1503 orat
1165 1461 1431 1511 facultatem,
1465 1463 1526 1511 ut,
1568 1460 1778 1513 quoniam
1810 1460 1854 1500 in

0 1541 5 1566 ‚-
38 1518 203 1561 Bosnia
233 1518 417 1572 antiqua
451 1519 727 1560 consuetudo
750 1519 888 1572 viget:
913 1519 1073 1561 missae
1094 1521 1242 1573 partes
1264 1520 1398 1561 latine
1419 1519 1602 1560 recitare
1627 1521 1668 1559 et
1691 1518 1852 1560 deinde

0 1575 4 1604 ἶ
39 1577 199 1618 slavice
232 1579 431 1627 cantare3
460 1577 668 1631 deinceps
693 1577 902 1620 ommissa
924 1578 1042 1619 dicta
1068 1577 1326 1620 recitatione
1352 1577 1500 1626 latina,
1524 1577 1671 1629 lingua
1694 1576 1854 1618 slav1ca

0 1637 209 1735 ftassftium
256 1637 447 1736 οἶηῒῗῐὲεέ,
505 1635 733 1689 quomodo
779 1636 1061 1678 Franciscani
1106 1636 1361 1690 provinciae
1407 1635 1650 1678 Dalmatiae
1696 1635 1850 1684 solent,

37 1706 88 1736 su
140 1693 238 1744 ciat,
268 1693 282 1735 i
318 1725 328 1736 .
448 1724 458 1735 .

782 1798 1014 1844 Clemens
1042 1798 1100 1842 X.

177 1891 222 1934 S.
256 1891 550 1945 Congregatio
585 1892 769 1934 Concilii
807 1893 913 1935 bina
955 1892 1168 1934 relatione
1201 1892 1397 1946 episcopi
1437 1891 1659 1933 Parentini
1693 1891 1853 1932 certior

35 1950 96 2000 fit,
129 1950 250 2004 quod
283 1950 326 1991 in
361 1951 565 1992 universa
598 1951 791 1992 dioecesi
822 1951 983 2005 partim
1025 1950 1181 1993 Latino
1223 1951 1384 2005 partim
1425 1949 1593 2003 [lIyrIco
1636 1949 1846 1990 idiomate

37 2008 186 2050 divina
217 2008 507 2058 celebrantur,
540 2008 670 2058 XVII,
706 2010 799 2059 197,
835 2009 931 2051 203.

175 2066 343 2108 Eadem
375 2065 420 2108 S.
455 2066 748 2120 Congregatio
780 2068 993 2109 relatione
1026 2067 1221 2121 episcopi
1263 2065 1567 2119 Traguriensis
1601 2064 1759 2106 certior
1789 2064 1848 2114 fit,

37 2124 92 2166 de
123 2137 207 2166 usu
247 2124 422 2177 linguae
454 2125 642 2167 slavicae
674 2126 718 2166 in
751 2125 991 2167 cathedrali
1025 2128 1065 2166 et
1098 2125 1140 2166 in
1172 2125 1406 2178 parochiis,
1440 2124 1496 2164 ib.
1530 2122 1627 2165 205.

179 2181 222 2223 S.
266 2182 405 2224 Sedes
447 2183 662 2225 relatione
705 2184 901 2237 episcopi
948 2183 1166 2224 Nonensis
1215 2183 1374 2224 certior
1420 2182 1479 2231 fit,
1528 2181 1649 2234 quod
1697 2193 1849 2222 omnes

35 2240 290 2282 sacerdotes
323 2241 577 2283 dioeceseos
607 2242 840 2294 glagolitae
872 2244 986 2292 sunt,
1019 2241 1078 2283 ib.
1116 2242 1208 2283 191.

176 2297 218 2340 S.
254 2297 548 2352 Congregatio
582 2300 636 2341 de
668 2299 800 2353 Prop.
834 2301 940 2342 Fide
971 2299 1183 2342 relatione
1215 2298 1459 2340 Visitatoris
1483 2296 1723 2351 Apostolici
1749 2296 1848 2337 Ser-

36 2355 137 2397 biae
169 2357 329 2397 certior
359 2357 407 2397 fit
439 2357 493 2399 de
525 2370 607 2398 usu
638 2358 813 2411 linguae
846 2358 1035 2399 slavicae
1069 2358 1111 2399 in
1144 2357 1336 2410 Liturgia
1368 2357 1571 2398 Romana
1604 2355 1646 2396 in
1675 2355 1848 2396 dioece-

35 2413 157 2456 sibus
189 2414 420 2468 Scopiensi
453 2418 495 2456 et
526 2415 816 2467 Prizrenensi,
863 2416 921 2458 ib.
956 2415 1052 2458 194.

731 2553 1051 2598 Innocentius
1081 2552 1160 2597 Xl.

173 2646 213 2687 A
254 2644 296 2687 S.
335 2646 688 2700 Congregatione
731 2648 786 2689 de
831 2648 964 2701 Prop.
1012 2647 1119 2688 Fide
1168 2646 1437 2700 Spalatensis
1485 2645 1844 2699 archiepiscopus

33 2703 171 2745 libros
202 2703 388 2757 illyricos
421 2707 462 2746 et
493 2706 746 2747 sacerdotes
778 2705 1022 2748 nationales
1054 2706 1176 2759 petit,
1210 2705 1337 2753 XVII,
1372 2705 1467 2745 214.

176 2760 220 2802 S.
259 2761 553 2815 Congregatio
599 2763 780 2805 Concilii
823 2764 1036 2806 relatione
1079 2763 1274 2816 episcopi
1316 2762 1539 2804 Par-entini
1583 2760 1740 2801 certior
1785 2759 1843 2801 fit.

36 2819 158 2872 quod
192 2819 235 2860 in
267 2819 488 2873 aliquibus
519 2822 741 2874 parochiis
774 2822 971 2863 eiusdem
1005 2821 1259 2862 dioeceseos
1292 2820 1457 2873 Illyrico
1491 2819 1699 2859 idiomate
1722 2830 1845 2859 sacra

36 2877 330 2928 celebrantur,
362 2877 421 2919 ib.
454 2878 550 2920 216.

174 2935 307 2987 Apud
326 2934 370 2976 S.
391 2935 786 2989 Congregationem
820 2938 875 2979 de
892 2937 1024 2989 Prop.
1057 2936 1163 2976 Fide
1196 2934 1465 2987 Spalatensis
1487 2932 1843 2984 archiepiscopus

37 2991 275 3033 editionem
308 2992 517 3035 Breviarii
550 2993 783 3047 glagolitici
816 2994 1031 3041 sollicitat,
1066 2994 1121 3034 ib.
1156 2993 1250 3033 218.
1290 2992 1407 3032 Idem
1442 2991 1598 3031 caeteri
1622 2989 1842 3042 praesules

36 3049 292 3099 Dalmatiae,
312 3050 369 3091 ib.
402 3051 497 3092 223.
522 3052 688 3094 Eadem
708 3052 750 3093 S.
772 3051 1065 3105 Congregatio
1099 3050 1322 3103 praesules
1355 3048 1596 3089 Dalmatiae
1638 3047 1843 3087 certiores

33 3107 191 3157 reddit,
215 3108 336 3161 quod
354 3108 540 3160 petitum
572 3110 844 3152 Breviarium
878 3109 1170 3162 glagoliticum
1206 3107 1316 3161 typis
1349 3105 1633 3158 evulgabitur,
1659 3104 1714 3144 ib.
1735 3104 1840 3151 2233

39 3165 160 3222 quod
184 3167 315 3207 etiam
348 3166 496 3208 statim
529 3167 690 3211 factum
725 3169 801 3218 est,
835 3168 893 3209 ib.
926 3166 1022 3209 224.
