2191 3434
0 3062 1 3110 l

0 3115 1 3146 l

0 3207 3 3264 l

557 329 1101 376 Glagolito-Romanae
1150 329 1304 364 XVII.
1355 341 1389 364 S.
1791 332 1833 365 19

211 472 300 527 „(S.
325 471 519 513 Metodio
552 471 765 513 ritornato
798 471 938 512 anche
971 470 1053 523 egli
1075 470 1118 512 in
1142 471 1298 520 Roma,
1321 471 1361 511 vi
1384 474 1497 512 mori
1520 471 1619 525 con)
1653 471 1697 513 S.
1722 471 1870 513 Cirillo

68 531 236 573 fratello
269 543 364 579 suo,
398 543 420 570 e
453 542 535 571 con
568 529 762 570 miracoli
787 529 944 570 furono
968 528 1187 570 ambedue
1209 529 1409 570 illustrati
1434 529 1490 570 da
1512 528 1611 579 Dio,
1645 542 1666 570 e
1689 529 1756 570 de’
1775 530 1869 571 loro

69 589 180 630 sacri
213 588 334 642 corpi
366 588 408 628 n'
429 590 451 628 e
484 589 639 640 questa
672 587 817 628 chiesa
857 587 919 640 (di
962 586 1004 628 S.
1051 586 1291 640 Clemente)
1336 587 1573 640 partecipe‚
1607 587 1872 629 celebrando

70 646 98 688 il
131 647 283 699 giorno
316 645 468 687 festivo
502 645 539 687 a'
560 647 584 687 9
619 645 662 686 di
693 646 879 686 Marzo.“
931 668 978 674 -
1013 643 1063 685 In
1094 643 1244 687 Indice
1278 645 1603 698 Reliquiarum:
1642 645 1817 696 „Cirillo
1853 659 1876 687 e

73 704 271 746 Metodio
302 703 489 754 vescovi,
522 704 533 744 i
568 703 688 756 corpi
722 703 764 744 in
797 703 840 744 S.
876 702 1141 744 Clemente“.

206 783 360 818 Ottavio
386 782 590 821 Pane-iroli.
617 782 753 817 Tesori
777 782 950 816 nascosti
975 781 1078 816 nella
1105 782 1199 816 citta
1220 782 1258 815 di
1276 782 1410 818 Roma.
1430 783 1540 826 16263
1568 781 1644 817 Cfr.
1672 782 1872 826 Bartoliui,

68 830 255 865 Memorio
281 828 740 874 storico-archeologiche
766 828 828 863 dei
854 828 964 863 Santi
990 827 1121 863 Cirillo
1149 840 1168 863 e
1194 828 1379 871 Metodio.
1405 828 1530 863 Roma
1556 828 1655 871 1881.
1684 829 1759 863 193.

396 961 464 1000 60.
499 959 629 1009 1627,
660 959 722 999 27
752 957 984 998 Februarii
1015 959 1052 998 et
1085 959 1111 998 6
1141 956 1314 1008 Martii,
1357 957 1549 999 Venetiis.

203 1052 524 1107 Typographus
571 1052 804 1094 Veneticus
845 1053 1016 1094 Marcus
1059 1050 1246 1103 Ginami,
1289 1052 1332 1094 S.
1364 1051 1705 1105 Congregationi
1738 1051 1868 1105 Prop.

66 1122 202 1173 Fidei,
236 1122 404 1164 collatis
437 1123 627 1164 consiliis
661 1136 760 1164 cum
805 1122 1044 1164 Definitore
1076 1123 1252 1165 Ordinis
1286 1123 1328 1164 S.
1364 1122 1584 1164 Francisci
1616 1122 1876 1175 provinciae

64 1192 301 1234 Bosnensis
331 1192 377 1233 P.
414 1191 656 1242 Vincentio,
705 1205 804 1234 cum
846 1192 894 1233 P.
936 1192 1163 1245 Raphaele
1204 1192 1448 1234 Levakovic'
1499 1191 1660 1234 Croata
1694 1191 1870 1235 Ordinis

66 1261 110 1305 S.
142 1262 376 1311 Francisci‚
408 1275 458 1304 ac
486 1275 584 1304 cum
607 1261 770 1303 Nuntio
803 1261 1060 1315 Apostolico
1094 1262 1315 1311 Venefico,
1348 1262 1481 1303 libros
1512 1262 1736 1315 liturgicos
1769 1262 1864 1304 Sla-

64 1331 183 1373 vicos
216 1332 405 1373 Venetiis
438 1331 664 1374 eddendos
687 1320 737 1373 ac
760 1331 952 1384 seipsum
976 1332 1031 1373 ad
1064 1331 1148 1373 hoc
1172 1345 1284 1385 opus
1307 1332 1624 1373 commendans
1646 1333 1869 1386 proponit.

205 1426 253 1431 —
287 1402 312 1442 8
345 1402 498 1451 Martii,
542 1401 744 1443 Venetiis.
793 1401 982 1442 Nuntius
1013 1402 1295 1454 Apostolicus
1328 1402 1561 1443 Veneticus
1595 1402 1638 1444 S.
1673 1401 1866 1455 Congre-

65 1470 271 1523 gationen
300 1471 430 1525 Prop.
474 1472 595 1513 Fidei
639 1472 693 1513 de
735 1471 889 1513 eadem
930 1484 976 1512 se
1024 1472 1238 1513 certioren
1281 1472 1486 1522 reddens,
1528 1472 1664 1514 libros
1705 1473 1869 1515 eosden

65 1539 287 1593 Glagolica
317 1541 670 1594 Hieronymiana,
704 1541 856 1582 habito
889 1544 1090 1594 respectu
1124 1542 1180 1583 ad
1203 1542 1474 1583 Bosnensem
1507 1543 1756 1593 dialectum,
1784 1556 1873 1597 qua

63 1610 147 1652 iam
181 1623 314 1652 unum
339 1610 513 1652 Missale
536 1611 701 1652 editum
724 1610 878 1660 fuerat,
902 1614 943 1651 et
964 1611 1162 1653 subsidio
1185 1613 1269 1654 500
1307 1612 1568 1654 ducatorum
1591 1611 1868 1667 typographo

64 1680 212 1722 Marco
246 1680 445 1731 Ginamo‚
478 1680 701 1734 proponit.

199 1749 322 1792 Idem
369 1750 659 1804 tipographus
706 1750 879 1792 Ginarni
927 1750 1033 1792 alias
1079 1750 1273 1792 rationes
1315 1765 1395 1804 pro
1437 1765 1517 1794 sua
1562 1752 1867 1806 propositione

66 1818 286 1861 fulcienda
316 1820 503 1874 subjicit.

201 1899 414 1935 Archivum
441 1900 474 1934 S.
503 1900 614 1946 Cong
617 1912 643 1933 r.
670 1900 782 1945 Prop.
819 1900 936 1937 Fidei.
972 1899 1045 1934 MS
1072 1899 1202 1934 V01.3
1235 1900 1301 1935 fol.
1328 1901 1406 1944 315,
1432 1902 1509 1945 385.
1535 1903 1613 1945 387,
1639 1902 1721 1937 Vol
1749 1900 1814 1935 387
1842 1899 1866 1934 f.

62 1944 147 1990 3913
175 1946 412 1989 Fermedzin
438 1946 588 1982 Starine
589 1913 757 1989 gXXIV.
784 1947 827 1980 14
853 1957 881 1981 S.
909 1947 952 1980 19
978 1958 1005 1981 s.

603 2088 667 2127 61.
699 2087 830 2135 1627,
862 2089 918 2128 16
945 2086 1128 2141 Aprilis,
1160 2087 1330 2130 Romae.

201 2178 243 2220 S.
279 2178 570 2232 Congregatio
604 2179 924 2233 propagandae
958 2181 1077 2223 Fidei
1111 2182 1167 2223 ad
1205 2182 1449 2235 petitionen
1481 2183 1662 2226 Joannis
1694 2185 1865 2228 Tomko

62 2248 293 2298 Marnavic‚
326 2262 461 2302 quum
494 2249 591 2290 libri
637 2249 823 2302 liturgici
866 2250 1017 2305 lllyrici
1061 2252 1116 2292 ab
1159 2251 1254 2304 ipso
1296 2253 1519 2294 reformati
1551 2267 1641 2295 non
1674 2255 1865 2297 eddendi

62 2317 159 2368 sint,
203 2319 260 2360 ob
291 2318 639 2371 propositionem
673 2319 716 2360 S.
760 2319 1121 2373 Congregationis
1164 2321 1217 2362 de
1251 2322 1455 2363 cautione
1485 2324 1753 2376 praestanda
1782 2338 1863 2378 pro

65 2387 265 2440 expensis
297 2390 398 2440 post
421 2401 583 2429 annum
616 2388 910 2438 restituendis,
942 2389 1118 2432 licentia
1139 2403 1184 2431 se
1207 2391 1464 2433 trasferendi
1498 2393 1553 2434 ad
1576 2393 1863 2436 Archidiaco-

62 2459 212 2498 natum
247 2470 346 2499 cum
379 2471 483 2499 cura
511 2458 755 2500 animarum
780 2459 1020 2512 Zagabriae
1043 2460 1125 2513 ipsi
1149 2461 1355 2502 collatum
1394 2463 1673 2513 concedatur,
1698 2464 1864 2505 censuit

64 2526 226 2568 oratori
258 2526 588 2580 iniungendum,
620 2531 668 2569 ut
700 2528 941 2570 discessum
975 2529 1158 2579 differat,
1195 2531 1336 2572 donec
1369 2531 1485 2573 aliud
1521 2533 1792 2576 decernatur.

199 2620 325 2626 —--
356 2598 381 2638 9
416 2597 633 2647 Octobris,
666 2599 887 2640 Marnavic
920 2599 1103 2641 accedit.

198 2675 411 2711 Archivum
449 2677 483 2712 S.-
512 2678 648 2724 Congr.
687 2680 795 2723 Prop.
834 2679 953 2722 Fidei,
991 2680 1061 2715 Ms
1095 2680 1168 2715 vol.
1206 2681 1273 2715 387
1308 2681 1435 2725 11134,
1472 2683 1545 2718 134.
1571 2684 1647 2720 345.
1674 2683 1751 2720 34⁴3.
1777 2685 1863 2722 3“11;

65 2720 303 2761 Fermedzin
331 2723 482 2758 Starine
508 2707 651 2769 XXIV.
678 2725 731 2767 14,
758 2725 810 2759 19
835 2726 890 2759 ΞΟ

635 2855 703 2896 62.
736 2855 866 2904 1627,
895 2857 918 2894 1
949 2854 1088 2905 sziz',
1120 2854 1288 2898 Romae.

199 2945 369 2988 Erectio
403 2947 581 3001 Collegii
614 2949 765 3003 Illyrici
788 2950 831 2991 in
854 2951 962 2992 urbe
985 2950 1230 2993 Lauretana
1252 2965 1277 2992 a
1302 2952 1510 3004 Gregorio
1545 2952 1640 2993 XIII
1676 2953 1859 2993 instituti

64 3015 105 3054 et
135 3013 190 3055 ab
222 3015 399 3057 Urbano
435 3016 529 3058 VIII
576 3018 763 3060 restituti
807 3022 847 3060 et
889 3020 1032 3069 aucti3
1080 3033 1160 3073 pro
1208 3021 1373 3062 clericis
1422 3022 1620 3063 Nationis
1667 3021 1860 3075 Illyricae

64 3080 235 3136 linguae
266 3097 316 3126 ac
347 3086 615 3129 litteraturae
648 3101 826 3141 quoque
858 3102 937 3141 pro
970 3102 1100 3141 posse
1131 3091 1292 3143 peritis.

203 3165 428 3215 „Urbanus
461 3168 693 3221 episcopus
735 3171 812 3210 etc
849 3193 958 3198 —-—
998 3169 1100 3211 Zelo
1134 3171 1291 3211 domus
1324 3173 1403 3212 etc.
1453 3172 1642 3212 11111101111
1685 3172 1857 3224 linguae

65 3221 214 3274 gentis,
247 3224 442 3279 majoren
474 3225 679 3279 Europae
713 3230 753 3269 et
785 3227 1021 3270 maximam
1053 3228 1184 3270 Asiae
1215 3229 1449 3283 portionen
1484 3229 1710 3271 incolentis
1739 3253 1783 3258 —
1809 3252 1856 3258 —
