2191 3434
568 113 1112 160 Glagolito-Romanae
1138 114 1211 150 XV
1239 128 1268 152 s.
1822 123 1842 154 5

505 272 567 299 JO.
590 271 712 313 1420,
733 273 767 301 J.
805 260 945 308 Junii‚
976 260 1136 301 Bescae
1178 261 1342 314 Veglen.

135 355 323 409 Joannes
355 354 546 396 Kusevici
578 356 792 408 plebanus
843 357 1006 397 Bescae
1039 357 1272 410 Veglensis
1305 358 1580 409 dioeceseos,
1612 368 1840 411 praesente

8 428 113 466 inter
143 426 251 466 alios
296 425 491 466 Domino
525 426 712 467 officiale
755 429 965 480 episcopi,
998 430 1263 469 monasterio
1298 428 1340 470 S.
1392 429 1625 472 Salvatoris
1677 432 1842 472 ibidem

9 498 81 537 ·ito
113 503 269 537 terram
303 497 451 547 donat,
483 498 736 551 litterasque
764 498 1066 540 donationales
1088 499 1410 541 characteribus
1444 502 1705 555 glagoliticis
1739 515 1842 548 con-

21 568 127 608 cribi
159 568 290 608 iubet.

139 643 299 691 Surmin,
327 651 424 684 Acta
449 651 616 686 croatica
642 651 669 692 I,
695 652 898 697 Zagrabiae
925 654 1028 693 1898,
1057 655 1134 686 118.

463 821 523 848 η.
556 819 677 861 1422,
709 808 951 856 Novembrz‚
982 808 1103 850 Novi
1133 808 1378 852 Corbavz'en.

138 902 371 954 Presbyter
397 903 589 957 joannes
622 905 957 945 instrumentum
1010 907 1343 958 permutationis
1394 908 1503 946 inter
1531 907 1743 960 Joannem
1796 908 1843 948 fi-

14 974 102 1014 ium
135 973 317 1014 Bucifali
350 981 392 1014 et
425 976 739 1016 monasterium
773 989 804 1016 s.
837 975 996 1017 Mariae
1030 978 1072 1017 in
1094 976 1333 1018 Crkvenica
1367 978 1422 1018 ad
1456 979 1713 1030 petitionem
1748 993 1843 1031 par—

17 1046 104 1085 ium
138 1045 387 1099 glagolitice
421 1046 609 1087 conficit.

140 1118 302 1169 Surmin,
330 1128 427 1162 Acta
455 1128 620 1163 croatica
646 1130 673 1170 I,
698 1129 901 1175 Zagrabiae
928 1132 1034 1171 1898,
1061 1133 1126 1164 121
1155 1141 1184 1164 S.

565 1309 628 1338 12.
660 1309 778 1350 1431,
810 1297 990 1338 Berami
1025 1298 1259 1351 Tergestz'n.

140 1391 401 1433 Aedificatio
452 1394 665 1434 ecclesiae
717 1392 759 1434 S.
792 1394 962 1434 Martini
1013 1394 1182 1435 Berami
1217 1393 1401 1449 (Vermo
1453 1397 1571 1449 apud
1616 1395 1841 1451 Pazinum)

39 1465 279 1517 ergestinae
312 1464 584 1514 dioeceseos,
610 1471 812 1517 ternpore
845 1466 1019 1518 plebani
1043 1467 1276 1507 Postedioc
1309 1468 1524 1516 absoluta,
1556 1470 1841 1522 inscriptione

28 1535 245 1589 lagolitica
278 1548 402 1575 muro
437 1536 635 1576 eiusdem
670 1536 883 1577 ecclesiae
917 1539 1123 1586 immissa,
1156 1540 1395 1579 memoriae
1428 1541 1776 1581 commendatur.

140 1609 301 1658 Surmin,
327 1618 423 1651 Acta
450 1618 615 1652 croatica
642 1618 667 1659 I,
694 1618 897 1663 Zagrabiae
925 1621 1027 1659 1898,
1055 1622 1133 1653 131.

566 1787 629 1825 13.
661 1785 781 1828 1437,
814 1788 877 1828 15.
903 1775 1028 1824 Juliz‘,
1066 1775 1270 1824 Jaderae.

138 1869 370 1921 Presbyter
391 1869 610 1923 Georgius
632 1870 797 1912 Zubina
820 1872 932 1912 filius
965 1872 1083 1912 Pauli
1118 1873 1174 1913 de
1195 1873 1316 1913 Blato
1351 1872 1606 1929 (Bokanjac)
1624 1875 1843 1927 jadrensis

31 1941 270 1990 ioeceseos,
301 1948 614 1982 testamentum
647 1943 939 1996 olographum
974 1944 1296 1985 characteribus
1343 1945 1602 1998 glagolitieis
1654 1947 1844 1988 conficit.

140 2013 301 2063 Surmin,
330 2023 427 2057 Acta
453 2023 619 2058 croatica
643 2023 669 2065 Ι,
696 2024 900 2069 Zagabriae
927 2027 1029 2065 1898,
1058 2028 1139 2060 144.

529 2204 593 2246 14.
626 2204 750 2246 1439,
782 2205 810 2246 4
841 2192 1097 2244 Decembris,
1134 2193 1314 2242 Jadrae.

141 2285 288 2338 Quum
322 2301 399 2340 per
432 2288 614 2329 liberam
647 2290 987 2343 resignationem
1041 2292 1284 2342 presbyteri
1335 2291 1453 2331 Pauli
1494 2291 1740 2346 Glagolitae
1774 2305 1844 2333 ec-

26 2357 129 2398 lesia
162 2357 204 2399 S.
233 2359 410 2412 Joannis
460 2359 679 2412 Baptistae
712 2362 755 2400 in
788 2359 1010 2402 Suburbio
1039 2361 1235 2415 Jadrensi
1284 2370 1494 2412 vacasset,
1526 2364 1581 2404 ab
1632 2364 1843 2416 archiepi-

23 2441 139 2481 copo
166 2429 362 2483 Jadrensi
394 2430 629 2472 Laurentio
680 2431 871 2473 Venerio
904 2432 1124 2473 Fratribus
1176 2433 1396 2487 glagolitis
1429 2433 1563 2475 Tertii
1596 2434 1774 2476 Ordinis
1808 2448 1840 2476 s.

36 2502 217 2541 rancisci
249 2508 462 2554 perpetuo
497 2502 729 2556 confertur.

140 2583 232 2624 Nos
264 2584 521 2626 Laurentius
555 2586 758 2636 Venerio,
809 2589 1087 2628 miseratione
1121 2588 1264 2628 divina
1298 2596 1340 2629 et
1373 2596 1677 2629 sacrosanctae
1712 2588 1841 2630 Sedis

27 2643 266 2694 postolicae
298 2646 432 2698 gratia
463 2643 839 2698 Archiepiscopus
884 2646 1110 2697 jadrensis,
1160 2648 1393 2691 venerabili
1426 2662 1476 2689 ac
1510 2649 1718 2702 religioso
1751 2650 1843 2689 viro

36 2703 134 2743 ratri
165 2702 350 2743 Martino
371 2704 597 2757 quondam
630 2705 807 2755 Novaci,
857 2706 1107 2746 Heremitae
1141 2706 1197 2747 de
1230 2709 1468 2759 penitentia
1500 2707 1633 2748 Tertii
1666 2708 1843 2749 Ordinis

35 2763 149 2802 ancti
181 2761 413 2813 Francisci,
457 2764 641 2805 salutem
675 2766 717 2805 in
751 2765 946 2806 Domino
991 2767 1315 2819 sempiternam.
1367 2766 1493 2819 Opus
1537 2769 1709 2819 pietatis
1743 2780 1840 2807 esse

33 2820 270 2874 ignoscitur
301 2821 399 2862 Deo
431 2825 589 2863 servire
622 2825 869 2865 volentibus
902 2825 958 2866 de
991 2826 1092 2865 loco
1114 2826 1260 2879 aliquo
1289 2828 1565 2866 convenienti
1598 2827 1841 2878 providere,

32 2880 76 2919 bi
108 2886 226 2933 grata
256 2880 353 2921 Deo
386 2883 598 2936 obsequia
633 2884 901 2936 impendere,
934 2892 976 2925 et
1022 2885 1149 2937 juxta
1181 2886 1375 2938 Regulae
1407 2899 1511 2926 suae
1545 2886 1746 2926 ordinem
1780 2888 1838 2925 vi-

47 2951 88 2978 m
121 2939 284 2979 ducere
315 2941 495 2982 valeant.
527 2942 621 2983 Hac
654 2944 781 2997 igitur
813 2943 1164 2984 consideratione
1186 2944 1320 2993 ducti,
1352 2944 1433 2985 Dei
1467 2947 1621 2985 intuitu
1658 2952 1699 2986 et
1733 2958 1837 2984 con-

27 2997 264 3038 'deratione
297 3001 466 3051 providi
500 3003 573 3041 viri
607 3000 688 3042 Ser
719 3002 920 3055 Gregorii
971 3003 1222 3056 Merganich
1274 3006 1378 3044 civis
1407 3004 1573 3057 jadrae,
1607 3017 1686 3057 pro
1721 3005 1840 3044 dicto
