2243 3444
408 169 449 201 16
1107 166 1290 198 Fontes
1326 164 1567 208 liturgiae*

403 317 592 350 zatorum
625 312 722 349 anni
777 308 911 349 1659«
948 308 1177 360 parochiae
1217 307 1258 348 S.
1304 308 1413 347 Petri
1447 308 1489 346 in
1535 308 1640 346 urbe
1674 306 1834 347 Labaci
1868 313 2063 347 extracta
2116 315 2228 357 sunt,

406 382 699 420 conscribitur.

544 462 583 494 ln
610 460 782 494 Archivio
809 458 1008 502 parochiali
1035 459 1072 493 S.
1098 459 1196 492 Petri
1236 459 1372 492 Labaci
1399 458 1468 491 sub
1489 458 1531 492 N.
1557 459 1588 500 1;
1617 469 1664 492 ex
1691 458 1810 492 forma
1836 462 1992 493 externa
2017 469 2103 502 pars
2130 458 2228 492 eius-

407 508 490 541 dem
511 508 665 547 codicis,
692 508 740 540 de
766 517 842 551 quo
869 506 962 540 infra
986 506 1056 539 sub
1078 506 1119 540 N.
1146 508 1201 539 46.
1229 515 1313 539 esse
1340 505 1502 540 videtur.

921 665 991 714 ,μί
1025 660 1096 701 XI
1107 660 1144 701 V
1169 674 1201 702 s.
1233 667 1421 708 exeunte,
1454 659 1689 714 Aquilejen.

542 758 798 797 Breviarium
851 756 1174 810 Glagoliticum,
1225 758 1347 796 cuius
1381 756 1621 809 fragmenta
1671 755 1865 809 (homilia
1916 755 1958 796 S.
1993 754 2230 809 Augustini

402 830 595 878 episcopi
630 829 668 866 in
690 826 853 867 Octava
885 825 1170 880 Epiphaniae)
1204 840 1261 867 ex
1282 827 1408 867 theca
1445 826 1586 866 »Libri
1608 826 1924 878 Baptizatorum
1946 828 2045 866 anni
2086 827 2223 867 1683«

401 898 629 949 parochiae
663 897 704 937 S.
738 897 847 937 Petri
880 898 921 936 in
955 899 1060 937 urbe
1094 898 1266 946 Labaci,
1299 904 1492 937 extracta
1526 904 1636 937 sunt.

542 979 579 1012 In
608 978 780 1012 Archivio
807 978 1005 1022 parochiali
1033 977 1067 1012 S.
1097 978 1195 1013 Petri
1221 978 1358 1012 Labaci
1385 977 1455 1012 sub
1482 977 1523 1012 N.
1551 977 1597 1019 ΙΙ;
1626 978 1691 1012 cfr.
1718 978 1761 1012 N.
1787 980 1844 1012 45.

681 1144 744 1186 717.
778 1133 898 1175 XIV
924 1148 956 1173 s.
989 1140 1176 1180 exeunte,
1210 1133 1252 1175 S.
1285 1133 1394 1174 Κνὶἑ
1419 1132 1495 1187 pri
1530 1132 1682 1174 Triz‘c‘u
1713 1132 1947 1186 Aquileien.

539 1217 711 1256 Missale
762 1217 1082 1269 Glagoliticum,
1135 1217 1528 1270 cuiussragmenta
1579 1217 1731 1256 missas
1763 1216 2022 1256 Dominicae
2072 1215 2124 1265 X,
2155 1215 2226 1255 XI.

399 1287 509 1336 XIX,
542 1295 583 1327 et
626 1288 704 1327 XX
738 1295 836 1338 post
869 1288 985 1327 Pent.
1020 1289 1295 1335 continentia,
1327 1289 1368 1326 in
1401 1288 1590 1327 archivio
1624 1287 1857 1339 parochiali
1892 1286 2016 1326 Kriie
2047 1287 2112 1338 pri
2143 1285 2222 1325 Tr-

398 1359 489 1397 iicu
524 1358 783 1398 Labacensis
816 1358 1073 1398 dioeceseos
1107 1357 1322 1410 parochus
1354 1359 1610 1399 Laurentius
1661 1359 1804 1398 Pintar
1836 1355 1878 1412 (†
1914 1354 2054 1410 1874.)
2104 1356 2225 1396 adin-

400 1430 525 1477 venit,
558 1430 852 1469 conscribitur.

537 1509 765 1543 Bibliotheca
792 1510 962 1556 Lycealis
988 1511 1216 1545 Labacensis
1245 1511 1286 1545 N.
1314 1517 1344 1551 4,
1374 1514 1392 1545 5
1421 1516 1462 1546 et
1488 1515 1519 1546 8.

957 1668 1027 1719 γεὸ).
1050 1666 1170 1707 XIV
1194 1681 1215 1707 s
1258 1673 1445 1714 exeunte,
1483 1667 1662 1715 Jadren.

538 1748 709 1787 Missale
742 1748 1064 1801 Glagoliticum‚
1092 1752 1214 1790 cuius
1237 1751 1526 1803 fragmentum
1550 1750 1714 1802 Proprii
1735 1749 1994 1790 Sanctorum
2018 1750 2171 1788 missas
2201 1762 2226 1788 a

401 1818 451 1857 15
480 1818 574 1870 Julii
606 1819 660 1858 ad
700 1820 752 1858 14
785 1818 1057 1870 Septembris
1081 1823 1320 1870 continens,
1352 1835 1375 1861 a
1409 1822 1566 1861 clerico
1588 1820 1782 1862 Antonio
1804 1820 1932 1860 Para&
1952 1831 2068 1860 anno
2103 1819 2226 1860 1904.

398 1888 592 1928 Pasmani
625 1890 918 1938 adinventum,
951 1893 1245 1932 conscribitur.

535 1969 764 2005 Bibliotheca
795 1971 989 2005 Seminarii
1017 1972 1236 2017 Theologici
1263 1946 1447 2008 Centralis
1470 1973 1644 2019 Jadreae,
1671 1972 1905 2018 Glagolitica.

1027 2140 1096 2180 49.
1130 2128 1255 2169 XIV.
1287 2143 1319 2170 s
1352 2128 1587 2183 Aquiley'en

535 2208 706 2248 Missale
758 2209 1064 2262 Glagoliticum
1121 2213 1160 2251 in
1195 2225 1355 2266 magno
1389 2213 1506 2262 folio,
1539 2214 1660 2253 cuius
1693 2212 1782 2253 duo
1836 2213 2087 2266 fragmenta,
2119 2203 2243 2275 Pro-J

397 2277 562 2328 phetias
613 2278 789 2319 Sabbati
824 2280 969 2320 Sancti
1021 2289 1062 2321 et
1093 2283 1269 2322 Missam
1304 2285 1345 2322 in
1397 2283 1628 2324 Dominica
1659 2283 1862 2333 Paschae,
1906 2285 2026 2324 iuxta
2074 2246 2243 2350 Ritum}

398 2348 652 2396 Romanum,
685 2363 765 2389 nec
799 2364 884 2390 non
908 2352 1239 2393 Benedictiones
1262 2356 1395 2394 varias
1416 2352 1560 2407 (casei,
1594 2367 1790 2404 ovorum,
1810 2356 1910 2408 agni
1931 2361 1974 2394 et
2006 2352 2216 2409 carnium)

398 2431 506 2469 quae
541 2420 579 2457 in
614 2429 731 2470 parte
766 2422 929 2461 formali
983 2424 1062 2463 illis
1096 2424 1356 2478 Euchologii
1389 2427 1508 2465 iuxta
1558 2426 1704 2465 Ritum
1739 2425 1956 2466 Graecum
1990 2314 2243 2780 similiores}

2227 2568 2243 2659 Ξ

397 2488 603 2537 videntur,
637 2492 898 2531 continentia
932 2495 971 2532 in
1005 2494 1183 2534 Musaeo
1210 2495 1492 2546 Rudolphino
1525 2496 1766 2536 Labacensi
1799 2502 2081 2545 asservantur,
2114 2508 2218 2536 con-

397 2559 603 2599 scribitur.

396 2678 452 2706 tos
479 2628 1003 2710 cssngusiegiterrsstiiimosphinum
1033 2633 1260 2670 Labacense
1277 2635 1345 2669 NI.
1364 2635 1411 2676 ΙΙ;
1427 2636 1538 2669 ambo
1560 2635 1768 2680 fragmenta
1789 2635 1957 2669 eiusdem
1978 2635 2120 2669 codicis
2139 2645 2236 2679 par·
2227 2643 2243 2692 ,Ξ

905 2810 975 2849 50.
1009 2799 1076 2839 XI
1091 2799 1129 2839 V
1152 2813 1184 2840 s.
1216 2801 1441 2842 Preddvor
1470 2801 1705 2855 qucz'lqjen.

533 2875 790 2916 Breviarium
825 2879 1132 2932 Glagoliticum
1167 2884 1206 2922 in
1241 2884 1357 2932 solio,
1403 2886 1524 2925 cuius
1557 2885 1809 2937 fragmenta,
1853 2885 2026 2924 Laudes
2059 2890 2101 2924 et
2131 2884 2218 2924 Pri-

395 2957 505 2983 mam
542 2959 617 2996 per
647 2960 804 2987 annum
841 2957 882 2988 et
915 2950 1144 2991 Lectiones
1178 2954 1233 2992 de
1286 2955 1478 3006 Epistola
1512 2956 1545 2995 11
1578 2956 1632 2995 ad
1684 2954 1931 2996 Corinthios
1963 2953 2111 3009 (hebd.
2145 2954 2218 2995 lV.

393 3022 491 3066 post
523 3015 694 3069 Epiph.)
728 3025 768 3057 et
802 3020 967 3062 initium
1001 3035 1066 3073 ep.
1117 3023 1171 3061 ad
1206 3023 1379 3065 Galatas
1413 3025 1558 3078 (Dom,
1611 3026 1661 3067 V.
1694 3032 1794 3077 post
1843 3022 2030 3079 Epiph.),
2080 2970 2233 3152 conti{
