2243 3444
2196 0 2243 41 ‘³1

2233 46 2243 74 ‘l

387 118 406 150 6
1075 113 1529 158 Font'esliturgiae

2069 118 2243 182 —25

2225 182 2243 226 -1

387 261 549 301 Ordine
583 262 837 312 postulantis
871 261 1014 299 locum
1051 266 1091 298 et
1142 258 1367 298 ecclesiam
1423 256 1570 297 Sancti
1598 258 1774 310 Joannis
1823 258 2038 311 Baptistae
2070 272 2243 312 prope
2239 251 2243 286 3

387 328 429 360 et
463 328 582 360 extta
617 334 760 359 mutos
789 319 954 372 Jadiae,
985 318 1039 357 ad
1074 330 1276 369 piaesens
1303 324 1528 356 vacantem
1551 330 1628 368 per
1659 317 1837 357 liberam
1871 319 2206 370 resignationem
2236 290 2243 381 i

386 380 640 419 venerabilis
673 380 746 417 viri
780 378 1020 429 presbyteri
1054 377 1167 416 Pauli
1203 376 1258 415 de
1291 376 1427 415 littera
1477 375 1632 425 sclava,
1664 376 1800 415 ultimi
1834 379 2016 417 rectoris
2065 377 2209 418 dictae
2239 385 2243 404 “

385 439 604 486 ecclesiae,
638 439 710 476 tibi
745 445 786 476 et
834 436 1051 475 Fratribus
1101 436 1182 474 tuis
1232 435 1464 473 Heremitis
1515 434 1571 474 de
1620 435 1886 486 poenitentia
1946 435 2079 475 Tertii
2128 435 2208 477 Or-

386 498 497 536 dinis
530 496 673 536 Sancti
707 495 934 543 Francisci,
966 495 1258 545 omnibusque
1308 493 1399 532 aliis
1431 492 1664 533 Heremitis
1715 494 1771 533 de
1803 496 2070 546 poenitentia
2102 494 2227 538 dicti-t

385 556 515 595 Tertii
550 555 723 595 Ordinis
775 553 920 594 Sancti
953 553 1180 599 Francisci,
1223 565 1323 591 cum
1375 552 1644 603 plenitudine
1685 552 1791 605 juris
1825 554 2022 593 canonici
2054 566 2208 606 perpe·
2236 570 2243 587 π

385 617 467 654 tuis
500 615 769 664 temporibus
803 613 956 651 damus
1002 618 1043 650 et
1076 612 1351 659 conferimus,
1384 618 1516 663 teque
1547 612 1725 651 nomine
1756 613 1888 651 totius
1921 612 2026 651 dicti
2075 611 2236 659 Tertii⁸

385 674 559 713 Ordinis
592 672 739 712 Sancti
771 671 986 711 Francisci
1020 670 1076 710 de
1109 671 1227 709 dicto
1261 669 1361 709 loco
1401 677 1443 708 et
1476 670 1660 709 ecclesia
1692 683 1770 722 per
1800 671 1975 710 anulum
2010 678 2206 711 nostrum

385 745 574 778 aureum,
607 744 737 783 quem
771 732 812 769 in
845 731 1044 769 manibus
1076 736 1288 776 tenemuS,
1333 741 1477 768 coram
1514 730 1641 768 nobis
1671 729 1800 769 flexis
1833 731 2016 782 genibus
2049 731 2208 770 consti-

385 799 536 838 tutum,
552 792 813 838 investimus,
829 802 928 828 cum
945 789 1148 827 omnibus
1162 794 1203 827 et
1223 788 1402 839 singulis
1419 789 1773 838 possessionibus
1788 795 1830 828 et
1844 790 2112 840 pertinentiis
2126 790 2208 840 ipsi

386 850 593 889 ecclesiae
627 850 923 899 spectantibus
955 860 978 886 e
1012 847 1339 898 pertinentibuS‚
1359 847 1486 886 salvis
1511 859 1688 898 semper
1720 853 1763 886 et
1794 849 2020 887 reservatis
2040 847 2229 900 juribus*

384 908 822 959 archiepiscopalibus
835 909 875 946 in
891 906 1001 945 detis
1014 904 1110 958 (sic)
1125 912 1396 945 mortuorum
1407 912 1450 945 et
1460 906 1755 946 oblationibus
1765 912 1930 946 tantum
1941 918 1950 956 ;
1960 913 2003 946 et
2012 906 2208 958 perhanc

385 967 657 1006 collationem
682 973 723 1005 et
743 967 1038 1005 investituram
1061 965 1202 1004 dictae
1236 965 1447 1004 ecclesiae
1465 964 1633 1016 juribus
1653 964 2098 1017 archiepiscopalibus
2118 978 2207 1006 non

385 1026 627 1077 derogetur,
660 1025 737 1064 sed
770 1026 811 1063 in
844 1037 919 1064 sua
952 1025 1193 1076 integritate
1227 1025 1476 1072 consistant,
1506 1023 1649 1076 aliqua
1690 1025 1824 1075 ipsius
1856 1022 2033 1065 Ordinis
2080 1025 2208 1064 liber-

383 1092 468 1123 tate
520 1085 583 1123 vel
624 1086 892 1123 immunitate
932 1095 1019 1122 non
1052 1084 1264 1122 obstante.
1298 1082 1353 1122 Et
1403 1095 1535 1134 quare
1585 1083 1803 1134 praefatus
1836 1081 1917 1123 Ser
1969 1082 2207 1136 Gregorius

383 1143 631 1195 Merganich
665 1143 825 1182 dictam
859 1142 1099 1189 ecclesiam,
1132 1154 1243 1194 quae
1275 1142 1441 1181 ruinam
1476 1143 1671 1189 minatur,
1703 1143 1890 1194 gratiose
1911 1148 1954 1182 et
1979 1138 2223 1182 liberaliter

383 1215 429 1241 se
462 1209 753 1253 reparaturum
787 1201 1001 1249 obtulerit,
1033 1201 1269 1253 locumque
1302 1200 1627 1240 aedificaturum
1663 1201 1735 1240 ubi
1769 1201 2077 1241 convenienter
2103 1201 2221 1241 dicti-

384 1261 628 1300 Heremitae
661 1262 789 1299 vitam
822 1260 982 1299 ducere
1014 1261 1214 1311 poterint,
1246 1272 1325 1310 pro
1375 1260 1784 1311 recompensatione
1804 1272 1908 1300 suae
1934 1260 2208 1312 liberalitatis,

382 1328 531 1359 tenore
563 1321 854 1371 praesentium
887 1319 1173 1358 concedimus
1207 1326 1250 1358 et
1282 1319 1498 1358 donamus
1531 1319 1611 1370 ipsi
1657 1317 1737 1359 Ser
1781 1318 1995 1372 Gregorio
2040 1326 2206 1360 tanturn

380 1379 449 1431 jus
499 1385 748 1429 patronatus
798 1379 839 1417 in
892 1378 1006 1417 dicta
1051 1378 1247 1426 ecclesia,
1288 1377 1588 1429 praeficientes
1638 1391 1739 1417 eum
1783 1385 2015 1430 patronum
2065 1378 2208 1419 dictae
2241 1384 2243 1425 ζ

382 1438 604 1477 ecclesiae.
655 1437 696 1476 ln
750 1450 935 1490 quorum
987 1438 1184 1476 omnium
1229 1438 1567 1488 praemissorum
1618 1436 1751 1477 fidem
1805 1444 1846 1477 et
1895 1438 2208 1492 testimonium,

383 1503 630 1547 praesentes
662 1496 753 1536 fieri
785 1496 967 1536 fecimus
1001 1503 1043 1535 et
1075 1496 1209 1535 nostri
1240 1495 1500 1547 pontificalis
1542 1495 1667 1549 sigilli
1700 1496 1990 1548 apprensione
2040 1497 2207 1537 muniri.

522 1554 683 1594 Actum
712 1555 864 1608 Jadrae
898 1556 938 1594 in
971 1561 1120 1594 nostro
1153 1554 1510 1607 archiepiscopali
1543 1555 1714 1606 palatio,
1745 1561 1973 1610 praesente
2005 1556 2206 1596 universo

383 1613 581 1665 Capitulo
611 1614 827 1665 Jadrense‚
877 1615 958 1653 sub
990 1626 1104 1654 anno
1138 1628 1161 1653 a
1192 1613 1422 1654 Nativitate
1472 1613 1649 1653 Domini
1682 1614 1913 1654 millesimo
1946 1614 2207 1667 quadrigen-

382 1674 536 1712 tesimo
570 1675 791 1725 trigesimo
825 1686 956 1722 nono,
989 1673 1231 1712 Indictione
1253 1673 1320 1721 III,
1353 1673 1424 1713 die
1446 1679 1596 1725 quarta
1618 1674 1780 1713 mensis
1813 1673 2073 1723 decembris,
2091 1673 2207 1714 Pon-

381 1732 564 1771 tificatus
607 1733 862 1771 sanctissimi
896 1733 938 1771 in
972 1731 1141 1773 Christo
1194 1734 1324 1783 patris
1367 1739 1409 1772 et
1459 1732 1627 1772 domini
1660 1734 1794 1772 nostri
1843 1732 2207 1785 Eugeniidivina

383 1791 651 1841 providentia
683 1791 823 1842 Papae
857 1791 916 1831 IV
947 1803 1061 1830 anno
1095 1803 1225 1830 nono.

522 1850 575 1889 Et
609 1861 690 1901 ego
725 1851 950 1902 presbyter
981 1850 1187 1890 Nicolaus
1215 1849 1438 1902 quondam
1476 1850 1696 1890 Benedicti
1729 1850 2002 1890 Primicerius
2031 1849 2207 1902 Jadren-

383 1909 451 1957 sis,
484 1909 682 1959 publicus
716 1910 923 1960 imperiali
955 1911 1208 1949 auctoritate
1241 1908 1443 1949 Notarius
1475 1922 1525 1949 ac
1547 1909 1724 1961 praefati
1757 1909 2105 1953 reverendissimi
2128 1909 2208 1950 do-

383 1969 483 2005 mini
517 1966 849 2019 Archiepiscopi
882 1967 1183 2017 Cancellarius,
1233 1968 1464 2019 praedictis
1498 1969 1702 2008 omnibus
1747 1968 1853 2008 dum
1885 1969 1947 2008 sic
1978 1969 2208 2021 agerentur

383 2033 423 2065 et
456 2026 606 2066 fierent
639 2039 841 2077 praesens
874 2027 944 2076 fui,
978 2040 1114 2079 eaque
1148 2028 1203 2067 de
1255 2027 1459 2067 mandato
1493 2028 1627 2079 ipsius
1673 2027 1840 2067 domini
1871 2026 2205 2080 Archiepiscop·

382 2087 543 2135 scripsi,
595 2091 635 2124 et
685 2087 724 2124 in
776 2086 885 2125 hanc
919 2087 1138 2137 publicam
1172 2086 1357 2126 formam
1398 2086 1561 2139 redegi,
1592 2087 1855 2139 signumque
1905 2099 2053 2126 meum
2103 2099 2156 2126 cu
2204 2142 2208 2143 ⁷

382 2145 557 2182 nomine
589 2145 771 2195 apposui
822 2152 1094 2194 consuetum,
1144 2146 1185 2185 in
1218 2144 1352 2185 fidem
1403 2152 1445 2185 et
1494 2146 1793 2185 testimonium
1837 2147 2034 2185 omnium
2084 2158 2186 2197 prae

383 2215 624 2242 missorum.
2200 2254 2202 2256 v

522 2281 1065 2326 G.Ferrar1cup1111Scritti
1103 2284 1231 2318 storici
1258 2295 1278 2318 e
1323 2284 1511 2318 letterarii.
1537 2284 1629 2319 Zara
1654 2287 1757 2322 1889
1785 2285 1810 2325 Ι,
1838 2286 1906 2319 279
1931 2294 1959 2318 s.
1986 2283 2198 2327 adnotand,

381 2339 463 2372 pag.
489 2331 573 2362 260:
602 2330 796 2363 »Notabile
840 2330 922 2364 nell'
944 2332 1067 2365 avanti
1112 2335 1292 2373 accenato
1320 2332 1553 2365 documento
1597 2332 1665 2365 el*
1687 2312 1945 2375 appeliazione
1989 2331 2039 2365 de
2081 2331 2184 2366 litter
2242 2344 2243 2368 3

381 2375 504 2409 sclava
530 2386 600 2409 con
627 2377 686 2409 cui
712 2377 820 2410 viene
846 2378 1000 2411 distinto
1039 2378 1062 2411 il
1089 2371 1298 2419 sacerdote,
1326 2378 1395 2412 che
1422 2389 1617 2422 occupava
1643 2378 1839 2422 dapprima
1865 2378 1898 2412 la
1923 2378 2050 2412 chiesa
2073 2379 2191 2421 subur

382 2422 476 2455 bana
502 2423 538 2456 di
565 2423 636 2457 San
667 2423 860 2458 Giovanni.
887 2425 991 2459 Colla
1018 2426 1225 2459 medesima
1249 2426 1338 2459 varii
1364 2425 1446 2460 altri
1471 2436 1513 2459 se
1545 2436 1593 2459 ne
1618 2430 1778 2460 trovano
1805 2425 1957 2460 indicati
1982 2425 2081 2460 nelle
2099 2426 2190 2460 serit

382 2474 463 2502 ture
490 2470 526 2503 di
552 2471 638 2513 quel
666 2471 809 2513 secolo;
849 2473 978 2515 puossi
1005 2473 1134 2516 quindi
1161 2473 1316 2507 credere
1343 2473 1412 2507 che
1437 2473 1597 2507 vallesse
1641 2473 1755 2507 allora
1781 2483 1848 2516 per
1892 2476 2182 2517 contrassegnar
2238 2485 2243 2506 ι

382 2518 464 2559 que'
492 2518 677 2551 sacerdoti
703 2519 712 2550 i
740 2518 837 2562 quali
864 2519 959 2552 nella
985 2530 1090 2553 sacra
1116 2520 1321 2554 uffiziatura
1346 2520 1366 2553 l'
1383 2520 1523 2554 idioma
1548 2520 1678 2554 illirico
1705 2519 2020 2554 esclusivamente
2045 2520 2192 2574 adopta
2237 2551 2243 2557 ,.

381 2573 487 2596 vano
515 2564 545 2597 E
570 2564 618 2597 tal
624 2575 643 2597 e
671 2565 808 2598 idioma
828 2576 993 2600 usavano
1019 2572 1187 2610 appunto
1215 2568 1333 2601 anche
1358 2568 1369 2601 i
1395 2568 1516 2608 Padri,
1544 2568 1613 2601 che
1639 2567 1736 2601 nella
1762 2567 1888 2601 chiesa
1913 2566 2050 2601 ridetta
2075 2568 2105 2601 si
2131 2571 2190 2601 sta

380 2610 548 2650 bilirono
576 2612 623 2644 cd
650 2612 685 2644 in
729 2612 802 2646 tale
828 2623 896 2647 uso
924 2615 1197 2648 continuarono
1224 2615 1326 2658 dipoi
1370 2625 1532 2657 sempre‚
1559 2625 1580 2648 a
1606 2615 1771 2648 comodo
1815 2625 1837 2648 e
1863 2615 2062 2660 vantaggio
2099 2614 2194 2648 dell*

380 2668 456 2699 pol
451 2658 494 2691 ol
500 2659 626 2691 tzione
653 2659 712 2692 dei
739 2659 882 2704 borghi,
908 2661 967 2694 cui
995 2661 1104 2705 quell’
1125 2662 1265 2696 idioma
1291 2672 1354 2696 era
1379 2661 1708 2705 particolaimente
1734 2660 1976 2706 famigliare«.

888 2826 949 2867 15.
982 2827 1269 2870 1435—1441,
1300 2816 1474 2857 Lukovo
1517 2816 1680 2857 Nenen.

521 2906 691 2946 Missale
725 2908 1044 2960 Glagoliticum‚
1076 2911 1196 2962 quod
1228 2912 1270 2950 in
1301 2911 1571 2951 Bibliotheca
1603 2910 1787 2963 Collegii
1818 2911 1980 2952 Urbani
2012 2910 2069 2950 de
2100 2910 2152 2950 Pr

380 2977 578 3030 paganda
611 2977 716 3017 Fide
750 2986 998 3027 asservatur,
1041 2994 1064 3019 a
1097 2982 1352 3032 presbytero
1403 2981 1551 3022 Marco
1596 2981 1712 3034 apud
1746 2980 1788 3021 S.
1820 2981 1986 3022 Lucam
2017 2982 2060 3022 in
2092 2980 2173 3022 vall
