2243 3444
401 287 446 331 68
1007 293 1189 328 Fontes
1238 284 1498 340 Liturgiae

355 437 502 490 illique
534 436 669 483 inferi,
696 438 736 475 et
758 434 1010 487 superaddi,
1034 436 1074 474 et
1096 436 1266 474 servato
1290 433 1503 474 Idiomate
1527 432 1656 474 Slavo
1677 433 1854 475 litterali
1880 433 1924 474 in
1946 433 2150 474 omnibus

355 496 475 535 iuxta
517 494 784 547 praescripta
826 505 904 544 per
950 491 1016 531 fel.
1060 504 1143 532 rec.
1186 491 1410 531 Benedicti
1457 491 1505 531 P.
1549 491 1594 531 P.
1640 490 1746 532 XIV.
1793 490 2150 533 Praedecessoris

353 552 498 593 Nostri
546 551 801 603 incipientes
844 565 895 585 z
928 548 991 588 Ex
1036 549 1245 601 pastorali
1292 565 1344 584 :-
1391 548 1536 588 XVIII.
1584 548 1676 589 Kal.
1720 549 1840 601 Sept.
1882 562 1998 590 anno
2039 548 2148 590 XIV.

354 610 578 663 expeditas
609 610 784 655 litteras,
818 606 938 659 quod
969 619 1119 647 revera
1151 606 1437 646 benedicente
1468 606 1670 654 Domino,
1703 606 1943 659 perfectum
1967 606 2150 647 omnino*

355 672 439 716 θεὶς
473 667 596 707 Motu
639 666 817 718 proprio
861 666 903 704 et
943 667 1058 704 certa
1100 664 1281 704 scientia
1324 667 1366 704 et
1405 667 1577 705 matura
1619 664 1934 705 deliberatione
1976 663 2147 714 Nostra,

353 726 494 777 deque
527 724 807 776 Apostolicae
841 721 965 762 Sedis
998 724 1227 773 potestate,
1262 721 1424 762 dictum
1468 721 1737 762 Breviarium
1772 720 2053 763 Slavonicum
2085 722 2148 763 sic

351 783 625 824 recensitum.
661 780 941 820 emendatum
973 781 1014 819 et
1055 782 1231 820 auctum
1270 792 1368 820 cum
1411 779 1628 819 adiunctis
1671 777 1836 820 Officiis
1879 779 2142 820 Sanctorum

352 840 586 882 recitandis
618 852 697 891 pro
731 837 949 889 aliquibus
981 837 1088 877 locis
1121 850 1172 877 ex
1208 837 1381 877 Indulto
1414 836 1574 877 Nostro
1617 836 1878 889 Apostolico
1911 837 2145 890 separatim

355 897 587 950 impressis,
620 900 769 937 tenore
810 895 1105 947 praesentium
1149 894 1472 942 confirmamus,
1515 897 1557 935 et
1598 895 1911 948 approbamuS,
1955 896 1997 935 et
2036 895 2149 948 typis

353 955 486 1007 Cong.
506 955 637 1006 Prop.
657 953 775 993 Fidei
798 952 1048 1005 praedictae
1071 952 1284 993 committi
1307 952 1521 993 iubemus.
1546 951 1780 993 Caeterum
1803 952 2000 1005 ejusdem
2018 952 2148 993 Inno-

353 1013 479 1053 centii
503 1010 857 1053 Praedecessoris
880 1010 1022 1051 Nostri
1048 1010 1245 1062 exempla
1268 1010 1416 1058 secuti,
1450 1012 1498 1050 ut
1518 1009 1787 1051 Breviarium
1811 1023 1974 1050 novum
1996 1010 2148 1063 hujus-

355 1070 472 1112 modi
497 1070 659 1122 ubique
683 1069 949 1115 inviolatum,
980 1071 1020 1108 et
1043 1068 1343 1120 incorruptum
1367 1068 1582 1109 habeatur
1602 1068 1684 1108 sub
1716 1067 2147 1109 Excommunicatio-

351 1129 418 1168 nis
448 1127 561 1168 latae
593 1126 833 1167 sententiae
855 1139 880 1166 a
903 1139 990 1178 qua
1021 1138 1163 1173 nemo,
1196 1126 1278 1166 nisi
1300 1139 1326 1167 a
1347 1125 1496 1174 Nobis,
1531 1128 1572 1165 et
1593 1139 1673 1178 pro
1705 1129 1904 1178 tempore
1935 1126 2146 1166 existente
2220 1135 2225 1178 j,

348 1186 550 1226 Romano
582 1184 817 1230 Pontefice,
849 1185 1158 1236 praeterquam
1190 1183 1232 1224 in
1264 1183 1417 1224 mortis
1449 1183 1631 1224 articulo
1675 1183 1937 1224 constitutus
1971 1183 2139 1224 absolvi
2207 1186 2225 1192 ”

347 1243 501 1291 valeat,
533 1255 677 1296 poena
706 1242 1004 1294 prohibemus,
1038 1254 1092 1282 ne
1125 1241 1290 1282 dictum
1320 1241 1590 1282 Breviariurn
1623 1254 1719 1281 cum
1752 1240 1970 1282 adiunctis
1992 1254 2145 1294 supra·
2208 1248 2210 1251 ’

348 1301 473 1342 dictis
506 1300 669 1341 Offfciis
702 1299 964 1340 Sanctorum
995 1312 1074 1351 pro
1108 1299 1328 1351 aliquibus
1361 1299 1466 1339 locis
1498 1299 1732 1351 separatim
1766 1299 2002 1352 impressis,
2037 1298 2141 1340 alibi

349 1359 392 1399 in
426 1361 516 1399 toto
541 1359 646 1398 orbe
667 1358 760 1398 sine
781 1359 931 1397 nostra
951 1357 1017 1397 vel
1040 1357 1216 1409 speciali
1241 1356 1367 1397 Sedis
1393 1356 1676 1408 Apostolicae
1697 1356 1872 1397 licentia
1893 1357 1936 1396 in
1960 1355 2144 1410 Scriptis
2211 1364 2216 1366 ”

351 1416 591 1456 obtinenda
636 1415 923 1467 imprimatur,
971 1413 1035 1454 vel
1088 1415 1346 1467 impressum
1395 1416 1682 1467 proponatur,
1730 1427 1819 1454 non
1867 1414 2144 1455 obstantibus

350 1474 575 1526 quibusvis
596 1473 791 1521 licentiis,
817 1475 857 1512 et
879 1472 1158 1513 facultatibus
1179 1472 1401 1513 Breviaria
1423 1472 1678 1525 hujusmodi
1699 1472 1988 1525 imprimendi,
2014 1471 2144 1513 etiam
2196 1524 2197 1527 Ἴ

348 1532 473 1572 titulo
509 1544 707 1579 oneroso,
741 1531 887 1571 forsan
925 1530 1055 1570 etiam
1096 1530 1356 1571 auctoritate
1397 1529 1653 1581 Apostolica
1695 1529 1927 1577 concessis,
1969 1542 2143 1570 necnon
2205 1556 2211 1578 ·.

348 1589 625 1642 Apostolicis,
657 1602 706 1628 ac
739 1588 781 1628 in
803 1586 1141 1636 Universalibus,
1164 1587 1613 1639 provincialibusque,
1638 1589 1680 1627 et
1703 1587 1997 1641 Synodalibus
2027 1587 2142 1628 Con-

349 1647 454 1688 ciliis
488 1647 614 1687 editis
646 1645 942 1692 Generafibus,
974 1645 1041 1685 vel
1074 1645 1335 1698 specialibus
1368 1644 1779 1693 Constitutionibus,
1815 1647 1857 1686 et
1888 1643 2141 1686 Ordinatio-

347 1705 488 1752 nibus,
537 1707 576 1744 et
624 1703 849 1756 quibusvis
896 1703 1026 1743 etiarn
1074 1703 1319 1743 iuramento
1372 1702 1706 1743 confirmatione
1752 1702 2022 1754 Apostohca,
2075 1702 2142 1742 vel

348 1762 500 1814 quavis
531 1762 735 1802 firmitate
766 1761 850 1801 alia
880 1761 1098 1800 roboratis
1141 1761 1325 1809 statutis,
1359 1764 1400 1800 et
1445 1759 1862 1810 Consuetudinibus,
1905 1760 2142 1813 privilegiis

348 1832 537 1872 quoque,
584 1819 760 1859 indultis
813 1821 854 1858 et
902 1818 1055 1858 litteris
1105 1818 1372 1870 Apostolicis
1418 1818 1732 1859 incontrarium
1779 1818 2139 1870 praemis30rum‚
2220 1856 2223 1858 .

348 1877 682 1929 quomodolibet
712 1876 941 1923 concessis,
976 1875 1255 1924 confirmatis,
1289 1878 1330 1916 et
1371 1875 1613 1924 innovatis3
1657 1875 1818 1928 quibus
1861 1876 2065 1916 omnibus
2097 1877 2140 1916 et
2189 1871 2221 1883 “’

348 1935 538 1986 singulis,
572 1935 743 1975 illorum
775 1937 948 1974 tenores
978 1934 1283 1986 praesentibus
1315 1946 1394 1985 pro
1427 1933 1554 1984 plene
1578 1936 1619 1973 et
1641 1932 1905 1974 sufficienter
1927 1933 2142 1986 expressis
2203 1943 2221 1973 i

347 2005 396 2033 ac
429 1993 482 2033 de
513 1993 646 2033 verbo
679 1992 734 2033 ad
765 1992 947 2032 verbum
971 1991 1141 2031 insertis
1172 1991 1398 2040 habentes,
1421 1991 1502 2031 illis
1534 1991 1640 2031 alias
1671 1991 1714 2031 in
1741 2004 1820 2031 suo
1843 1991 2016 2041 robore,
2038 2004 2139 2044 per-

348 2050 576 2098 mansuris,
611 2050 665 2091 ad
706 2049 1045 2101 praemissorum
1090 2049 1287 2089 effectum
1329 2049 1410 2089 hac
1451 2049 1544 2089 vice
1590 2051 1759 2090 tantum
1806 2048 2051 2101 specialiter
2098 2051 2139 2089 et

357 2121 558 2159 expresse
603 2108 876 2160 derogamus,
925 2106 1194 2159 caeterisque
1242 2106 1470 2147 contrariis
1521 2106 1885 2158 quibuscumque.
1933 2105 2144 2147 Volumus

352 2167 497 2205 autem
545 2167 592 2205 ut
632 2166 823 2217 ipsarum
866 2164 1162 2216 praesentium
1211 2163 1419 2216 exemplis
1465 2165 1595 2204 etiam
1641 2164 1875 2216 impressis,
1923 2166 1964 2204 et
2008 2176 2141 2205 manu
2195 2159 2219 2208 'j

345 2223 511 2262 alcuius
543 2222 709 2263 Notarii
744 2222 912 2262 Publici
945 2221 1217 2274 subscriptis,
1268 2224 1309 2262 et
1341 2221 1479 2273 sigillo
1508 2234 1724 2274 personae
1763 2221 1806 2262 in
1837 2221 2144 2262 Ecclesiastica
2192 2226 2219 2258 .”

348 2280 556 2328 dignitate
592 2280 853 2320 constitutae
886 2279 1076 2321 munitis.
1112 2279 1265 2320 eadem
1296 2292 1476 2331 prorsus
1516 2279 1626 2319 fides
1657 2279 1699 2319 in
1728 2279 1910 2332 J‘udicio,
1953 2280 1994 2320 et
2023 2281 2144 2320 extra

347 2338 619 2385 adhibeatur,
654 2351 766 2389 quae
797 2337 1101 2389 praesentibus
1134 2337 1237 2389 ipsis
1269 2336 1562 2385 adhiberetur,
1596 2337 1629 2377 si
1662 2337 1804 2377 forent
1834 2336 2055 2377 exhibitae
2075 2336 2161 2377 vel*
2215 2357 2218 2387 5

348 2398 560 2435 ostensae.
610 2395 769 2435 Datum
793 2395 971 2437 ,Romae
1021 2394 1139 2446 apud
1173 2394 1216 2434 S.
1248 2394 1427 2434 Petrum
1468 2395 1548 2434 sub
1591 2394 1765 2434 Annulo
1808 2394 2042 2436 Piscatoris
2074 2393 2144 2434 die
2215 2401 2217 2423 1

345 2452 402 2492 XI
433 2452 571 2492 Martii
604 2452 869 2493 MDCCXCI.
902 2451 1188 2492 Pontificatus
1209 2451 1356 2492 Nostri
1378 2452 1508 2492 Anno
1530 2452 1913 2504 Decimoseptimo.
1937 2452 1989 2492 R.
2015 2451 2142 2499 Card.
2175 2454 2217 2499 »Γ

345 2509 577 2549 Braschius
611 2510 662 2549 de
694 2509 912 2550 Honestis.
2214 2535 2216 2546 ,

483 2588 709 2622 Breviarum
734 2588 953 2623 Romanum
982 2588 1185 2623 Slavonico
1223 2588 1407 2622 idiomate
1439 2587 1549 2622 iussu
1583 2587 1644 2622 SS.
1680 2587 1723 2622 D.
1761 2587 1802 2621 N.
1837 2587 1967 2633 Papae
1999 2586 2060 2621 Pii
2089 2585 2145 2620 VI

347 2634 500 2670 editum.
527 2634 671 2668 Romae
698 2635 934 2669 MDCCXCI
960 2635 1064 2680 typis
1091 2639 1131 2668 et
1155 2633 1340 2680 impensis
1365 2634 1446 2668 Sao.
1467 2633 1791 2679 Congregationis
1823 2633 1870 2667 de
1888 2631 2145 2679 Propagand'a
2195 2627 2215 2649 ”

344 2680 460 2723 Fide3
487 2680 521 2714 J.
548 2680 691 2725 Bercic,
722 2675 885 2715 Citanka
911 2680 1113 2715 staroslav.
1135 2679 1274 2725 J'ezika,
1301 2680 1401 2725 Prag
1426 2679 1517 2713 1864
1539 2691 1574 2725 p.
1601 2679 1715 2712 XVII
1742 2683 1781 2713 et
1806 2678 1884 2713 910.
2187 2680 2215 2720 ἰ

1015 2798 1113 2837 120.
1151 2798 1206 2836 17
1210 2798 1274 2844 91,
1306 2795 1475 2837 Romae.

483 2887 613 2940 Typis
638 2888 680 2927 S.
706 2888 1064 2940 ([2011g1‘egati01iis
1096 2888 1414 2941 propagandae
1436 2887 1558 2928 Fidei
1595 2887 1774 2936 „Officia
1796 2887 1980 2940 Propria
2004 2887 2141 2928 Sanc-

353 2958 494 2996 torum
528 2970 606 3009 pro
640 2957 858 3009 aliquibus
890 2958 1037 3006 locis“,
1085 2971 1210 2998 versa
1242 2970 1293 2998 ex
1322 2957 1454 2998 latina
1485 2957 1529 2997 in
1560 2957 1754 3008 linguam
1785 2956 2142 2997 veteroslavicam
2183 3000 2186 3003 ,

347 3024 402 3064 ab
436 3025 641 3077 episcopo
675 3026 950 3077 Traguriensi
984 3040 1034 3067 ac
1068 3027 1167 3067 dein
1199 3026 1384 3066 Arbensi
1418 3026 1583 3067 Joanne
1616 3025 1745 3066 Petro
1780 3025 2001 3077 Gahigna,
2039 3037 2142 3066 coa·
2172 3067 2176 3077 2

349 3093 553 3145 djuvante
588 3092 630 3133 P.
664 3095 856 3135 Antonio
888 3095 1063 3135 Juranic
1095 3095 1229 3136 Tertii
1250 3093 1438 3135 ‘Ordinis
1472 3094 1515 3134 S.
1549 3094 1780 3143 Francisci,
1815 3094 2141 3135 characteribus
2171 3141 2193 3159 a

349 3160 602 3214 glagoliticis
634 3163 924 3215 publicantur.

2186 3017 2191 3023 ο
2183 2938 2195 2954 ,Ι
2184 2863 2186 2865 “
2202 2812 2207 2835 „

2177 3285 2185 3293 ·
2206 3271 2208 3296 i

2167 3160 2193 3303 ἔ,

2116 3303 2207 3444 l
