2191 3434
590 215 1138 261 Glagolito-Romanae
1167 213 1255 247 XVI
1282 224 1310 247 s.
1819 215 1861 244 47

540 374 630 416 170.
666 375 790 416 1594,
824 360 1042 414 Bosz'ljevo
1076 358 1332 412 Zagrabz'en.

153 460 361 502 Nicolaus
393 459 610 512 Kargacin
644 459 859 511 plebanus
893 460 934 497 in
968 456 1208 509 Bosiljevo‚
1241 456 1461 509 glagolita.

152 541 328 586 Lopasic',
355 541 443 576 Oko
471 542 583 585 Kupe
610 541 619 574 i
647 541 811 582 Korane,
839 539 1042 586 Zagrabiae
1069 539 1173 573 1895.
1200 540 1282 573 232.

560 711 646 752 171.
680 710 806 752 1594,
837 697 1041 738 Μοναυόε
1072 694 1330 748 Zagrabz'en.

151 796 314 837 Valens
349 795 561 837 Voksinie'
595 796 809 847 plebanus
843 807 874 834 s.
903 794 1081 847 Joannis
1115 793 1156 832 in
1192 791 1398 833 Moravea
1421 791 1722 844 Zagrabiensis
1746 790 1866 830 dioe-

0 855 15 911 ᾏ,
66 881 180 917 seos,
213 868 432 922 glagolita.

153 949 393 996 KukulJ'evic'‚
421 950 518 984 Acta
545 950 711 984 croatica
739 950 763 983 I.
792 948 995 994 Zagrabiae
1024 948 1128 989 1863,
1158 949 1213 982 79.

585 1119 674 1161 172.
708 1119 832 1160 1595,
864 1107 1100 1147 Lauranae
1132 1104 1274 1145 Pelen.

10 1263 15 1270 .
153 1205 438 1257 Epitaphium
471 1204 772 1258 glagoliticum
821 1204 995 1255 plebani
1042 1202 1333 1242 Lauranensis
1380 1200 1550 1252 Gaspar
1594 1198 1775 1239 Bekarid
1827 1200 1868 1238 in

1 1276 9 1301 ⁷
69 1277 200 1317 clesia
232 1277 500 1317 Lauranensi
533 1276 730 1316 Polensis
764 1276 1038 1316 dioeceseos.

159 1347 286 1390 1595.
321 1348 491 1402 Gaspar
521 1347 703 1388 Bekaric
737 1347 899 1387 Plovan
933 1346 1175 1387 Lovranski
1209 1351 1254 1388 tu
1287 1345 1378 1385 lezi.

0 1442 10 1453 ¹·
66 1481 135 1515 192
157 1430 199 1466 G.
227 1430 381 1471 Kobler,
409 1430 592 1465 Memorie
619 1440 687 1474 per
713 1430 747 1464 la
773 1429 889 1482 storia
915 1428 1013 1463 della
1039 1428 1222 1463 liburnica
1248 1427 1339 1462 citta
1366 1426 1402 1460 di
1429 1426 1575 1468 Fiume,
1603 1425 1736 1460 Fiume
1766 1427 1870 1459 1898.

630 1575 719 1618 173.
754 1575 865 1617 1595
899 1576 940 1609 c„
979 1561 1256 1616 Justz'nopoli.

157 1661 368 1714 Synodus
401 1661 665 1702 dioecesana
694 1660 1059 1714 Justinopolitana
1092 1666 1294 1711 ternpore
1329 1659 1528 1710 episcopi
1545 1657 1724 1710 Joannis
1746 1656 1871 1709 Inge-

47 1735 133 1784 erii,
165 1735 328 1775 statuit:

165 1805 291 1847 »Non
324 1807 365 1846 vi
396 1807 458 1845 sia
491 1818 569 1857 per
601 1806 640 1845 le
674 1813 822 1845 nostre
857 1804 1005 1844 chiese
1041 1805 1133 1844 altri
1167 1803 1369 1843 Breviarii
1409 1815 1432 1842 e
1466 1801 1640 1842 Messali
1668 1800 1750 1840 che
1771 1801 1871 1839 novi

60 1867 222 1907 ebbino
262 1868 354 1906 ''utti
398 1867 410 1905 i
455 1865 708 1918 parochiani
742 1862 957 1918 (parochi)
992 1865 1019 1903 il
1072 1865 1227 1917 giorno
1279 1862 1395 1902 delle
1447 1862 1556 1901 feste
1607 1860 1872 1900 comandate

50 1939 170 1978 oppo
205 1926 350 1966 disnar
382 1927 585 1979 insegnar
618 1926 731 1965 nella
765 1925 910 1964 chiesa
958 1925 996 1963 la
1030 1924 1220 1964 dottrina
1254 1921 1483 1962 christiana
1517 1928 1558 1961 et
1591 1927 1827 1960 amaestrar
1861 1921 1870 1958 i

48 1987 166 2040 glioli
198 2000 222 2026 a
255 1992 403 2038 portar
435 1987 674 2025 reverentia
707 1999 730 2024 a
764 1985 849 2025 Dio
885 1984 934 2025 N.
969 1983 1012 2024 S.
1046 1991 1088 2023 et
1128 1982 1286 2023 obedir
1305 1982 1344 2021 al
1378 1981 1514 2033 padre
1533 1988 1575 2021 et
1595 1981 1678 2020 alla
1711 1980 1874 2028 madre,

91 2046 269 2086 faranno
301 2046 326 2085 l’
359 2047 515 2086 istesso
568 2047 579 2084 i
618 2046 753 2085 curati
805 2045 920 2084 delle
973 2043 1083 2091 ville,
1130 2043 1288 2082 havuta
1322 2042 1403 2081 che
1435 2042 1639 2089 abbiano,
1672 2039 1871 2080 secondo

73 2106 227 2146 ordine
260 2112 411 2146 nostro
446 2105 561 2155 dato,
585 2107 624 2145 la
657 2106 846 2145 dottrina
880 2104 1111 2144 christiana
1144 2109 1362 2154 stampata
1396 2103 1437 2141 in
1459 2101 1638 2141 schiavo
1660 2096 1883 2153 (Slavo.)‹.

159 2187 364 2222 Archivum
392 2186 611 2230 episcopale
633 2187 1011 2232 justinopolitanum,
1040 2185 1126 2218 Mss.
1156 2184 1237 2219 Cat.
1265 2182 1454 2228 Ingenerii
1480 2182 1522 2221 11,
1552 2182 1587 2215 in
1616 2180 1872 2225 Ephemeride

51 2236 129 2270 uria
154 2236 269 2279 episc.
291 2235 663 2279 Tergest.-justinop.
692 2245 712 2268 3
739 2236 847 2275 18ε>6;
875 2234 1047 2272 Pesante‚
1074 2233 1129 2267 La
1149 2232 1298 2277 liturgia
1323 2231 1436 2266 slava.
1465 2233 1531 2264 130
1558 2240 1585 2263 s.

593 2402 685 2445 174.
720 2394 848 2444 1596,
883 2395 917 2432 ό
945 2390 1071 2443 Masi,
1104 2388 1313 2430 parentii.

161 2487 293 2532 Cesar
325 2489 381 2528 de
415 2489 555 2529 Nores
590 2490 829 2540 episcopus
872 2488 1125 2527 Parentinus
1173 2488 1213 2525 in
1264 2486 1475 2526 relatione
1508 2484 1784 2525 Visitationis
1818 2483 1873 2523 ad

58 2561 188 2601 imina
219 2559 539 2613 Apostolorum
593 2559 635 2601 S.
668 2559 1070 2613 Congregationem
1118 2557 1303 2599 Concilii
1354 2557 1411 2597 de
1445 2563 1557 2597 statu
1606 2556 1873 2596 dioeceseos

48 2634 250 2673 ertiorem
284 2632 491 2681 reddens,
523 2632 669 2672 refert:

165 2704 336 2745 »Unum
371 2704 513 2744 solum
559 2703 775 2756 adjiciam,
809 2703 929 2756 quod
974 2704 1104 2742 etiam
1147 2702 1447 2753 superioribus
1493 2701 1616 2740 annis
1660 2697 1703 2740 S.
1737 2698 1787 2738 D.
1822 2697 1872 2738 N.

60 2764 311 2817 gnificatum
345 2771 409 2804 est
442 2777 520 2815 per
552 2766 827 2815 episcopum,
860 2763 1024 2802 nedum
1052 2762 1229 2807 lsfflam,
1251 2769 1293 2800 et
1314 2773 1471 2800 omnes
1504 2760 1592 2799 fere
1615 2759 1873 2810 provincias,

0 2842 6 2867 ³
57 2836 133 2863 uae
166 2823 337 2874 Illyrico
371 2836 575 2863 sermone
609 2830 798 2871 utuntur,
832 2824 873 2861 in
909 2824 1101 2861 maxima
1136 2821 1407 2871 illyricorum
1442 2820 1652 2858 librorum
1687 2819 1872 2870 penuria

76 2884 189 2922 rsari.
223 2882 394 2934 Quibus
427 2885 460 2923 si
495 2884 717 2935 provisum
754 2883 891 2929 suerit,
923 2882 1025 2920 nihil
1062 2881 1218 2927 utilius,
1253 2880 1353 2919 nihil
1391 2879 1488 2919 Deo
1524 2880 1662 2930 magis
1696 2886 1868 2929 gratum

67 2954 152 2994 que
185 2951 417 2994 acceptum
450 2957 474 2983 a
507 2941 745 2983 Sanctitate
780 2941 868 2981 Sua
901 2941 1015 2980 effici
1050 2941 1227 2990 poterit;
1261 2939 1339 2979 sed
1375 2951 1475 2978 cum
1510 2938 1567 2977 de
1602 2938 1682 2976 hac
1704 2950 1748 2976 re
1770 2937 1873 2975 alias

4 3030 13 3061 :²
53 3007 170 3041 ctum
204 3005 258 3042 sit
289 3001 582 3053 Amplitudini
617 3001 739 3042 Tuae
774 3003 986 3040 molestus
1022 3012 1109 3038 non
1145 3012 1255 3039 ero.«

0 3108 3 3109 γ
168 3082 439 3117 Authenticum
467 3083 501 3116 in
530 3083 694 3116 Archivo
723 3082 758 3116 S.
781 3082 919 3123 Congr.
948 3080 1104 3114 Concilii
1127 3081 1162 3113 in
1184 3079 1600 3118 Tabi1la1·iov·‹1ticano;
1615 3078 1722 3123 juxta
1744 3086 1873 3110 execr-

0 3136 12 3158 ῑ»
68 3140 130 3164 um
156 3129 416 3165 Crncicianum
444 3131 528 3164 anni
558 3133 659 3165 1892.
