2191 3434
565 311 1106 367 Glagolito-Romanae
1153 312 1335 356 XVIH.
1386 332 1422 356 s.
1792 318 1833 357 41

79 462 318 513 privilegiis
352 475 542 515 quoque,
577 464 618 502 et
640 461 823 503 Indultis
846 461 989 502 eidem
1011 460 1188 503 Nationi
1221 462 1425 515 Illyricae,
1460 463 1640 516 ejusque
1663 463 1878 513 Ecclesiis,

79 525 212 574 atque
243 520 537 567 praesulibus,
587 520 741 572 quavis
774 520 904 561 etiam
946 520 1205 572 Apostolica
1247 521 1510 561 auctoritate
1552 523 1781 564 concessis.
1831 536 1880 564 ac

78 579 243 621 iteratis
273 578 443 619 vicibus
477 577 758 627 confirmatis,
791 581 832 619 et
865 577 1097 626 innovatis,
1130 591 1180 618 ac
1204 578 1369 627 usibus,
1403 579 1534 631 stylis,
1569 581 1611 619 et
1644 584 1880 621 consuetu-

79 637 192 678 dinis
225 636 506 689 quantumvis
549 636 756 677 diuturna
798 635 1077 677 observantia
1120 636 1324 684 firmatis;
1373 637 1534 688 quibus
1574 637 1793 686 omnibus,
1842 642 1883 680 et

77 695 269 748 singulis,
303 696 453 735 tenore
485 693 795 746 praesentium,
830 697 871 734 et
902 693 959 734 ad
990 694 1281 746 praemissum
1315 694 1530 744 effectum,
1564 695 1810 748 specialiter
1843 699 1885 737 et

80 765 284 806 expresse
315 752 592 804 derogamus,
628 752 899 804 caeterisque
933 752 1162 793 contrariis
1195 752 1562 805 quibuscumque.

217 810 255 864 ξ.
288 810 327 850 5.
359 809 571 851 Volumus
603 813 762 857 autem,
797 812 845 850 ut
874 810 1128 850 earumdem
1150 810 1444 863 praesentium
1470 811 1732 853 Litterarum
1764 816 1884 854 tran-

78 869 263 922 sumptis
295 881 370 908 seu
405 868 625 920 exemplis,
661 867 788 908 etiam
825 868 1060 920 impressis,
1105 881 1239 908 manu
1272 868 1456 921 alicujus
1490 869 1657 911 Notarii
1688 872 1884 923 pubblici

61 926 348 979 subscriptis,
397 928 438 966 et
470 926 609 977 sigillo
658 926 878 966 Personae
924 925 966 966 in
1010 925 1221 977 dignitate
1268 925 1574 969 Ecclesiastica
1621 929 1884 971 constitutae

77 984 269 1032 munitis,
304 983 458 1024 eadem
490 996 670 1036 prorsus
701 983 810 1024 fides
843 983 1120 1032 adhibeatur,
1154 997 1267 1037 quae
1290 984 1394 1037 ipsis
1416 987 1722 1038 praesentibus
1755 988 1882 1028 adhi-

78 1043 267 1090 beretur,
294 1041 335 1082 'si
366 1042 508 1082 forent
540 1041 728 1082 exibitae
761 1041 827 1082 vel
861 1043 1074 1083 ostensae.

217 1100 251 1154 ξ.
287 1100 326 1140 6.
358 1099 471 1140 Nulli
506 1112 607 1152 ergo
639 1098 879 1140 Hominum
913 1100 1040 1140 liceat
1071 1100 1279 1153 paginam
1327 1100 1440 1141 hanc
1472 1103 1649 1143 nostrae
1681 1102 1886 1145 Declara-

78 1157 222 1207 tionis,
255 1157 541 1205 inhibitioniz,
584 1157 821 1210 praecepti,
855 1157 1064 1206 mandati,
1110 1158 1445 1207 commissionis,
1480 1161 1522 1199 et
1552 1160 1788 1202 voluntatis
1821 1162 1886 1202 in—

77 1216 276 1269 fringere,
309 1216 376 1256 vel
410 1216 447 1256 ei
480 1228 590 1256 ausu
623 1217 855 1257 temerario
889 1217 1119 1257 contraire.
1155 1216 1200 1256 Si
1235 1217 1332 1268 quis
1365 1219 1514 1258 autem
1547 1218 1630 1259 hoc
1662 1222 1879 1260 attentare

76 1274 433 1327 praesumpserit,
466 1273 814 1326 indignationem
848 1272 1175 1326 Omnipotentis
1206 1273 1298 1324 Dei,
1344 1287 1395 1316 ac
1425 1274 1664 1317 Beatorum
1695 1276 1813 1318 Petri
1845 1280 1888 1319 et

78 1332 203 1374 Pauli
236 1332 555 1385 Apostolorum
588 1332 692 1384 ejus,
727 1344 772 1372 se
804 1332 976 1372 noverit
1008 1332 1298 1373 incursurum.

216 1389 377 1431 Datum
424 1390 594 1430 Romae
646 1389 764 1442 apud
813 1388 856 1429 S.
903 1389 1087 1431 Mariam
1135 1390 1347 1443 Majorem
1390 1391 1520 1432 Anno
1568 1391 1887 1434 Incarnationis

81 1448 339 1490 Dominicae
384 1448 611 1488 Millesimo
655 1448 1042 1500 septingentesimo
1087 1448 1454 1501 quinquagesimo
1499 1452 1670 1501 quarto,
1714 1450 1886 1492 decimo

81 1508 237 1548 octavo
271 1506 490 1547 Kalendas
525 1505 808 1559 Septembris,
841 1505 1130 1548 Pontificatus
1164 1506 1310 1547 Nostri
1345 1520 1460 1548 anno
1494 1507 1850 1557 QuartodecimO.

217 1585 420 1620 Benedicti
444 1585 484 1619 P.
512 1585 615 1621 XIV.
643 1585 858 1619 Bullarium
884 1586 986 1620 Toni.
1013 1585 1078 1620 IV.
1104 1585 1252 1620 Romae
1280 1586 1368 1620 1757
1394 1585 1458 1621 fol.
1485 1599 1571 1633 pag.
1597 1587 1666 1622 223
1680 1599 1730 1623 ss.

649 1682 714 1722 81.
748 1682 876 1731 1757,
909 1683 934 1721 1
964 1681 1165 1734 Auyusti,
1198 1680 1320 1722 Arbi.

218 1762 406 1804 Joannes
436 1762 554 1804 Luca
587 1761 806 1815 Garagnin
838 1762 1049 1804 Arbensis
1072 1762 1320 1816 episcopus,
1345 1763 1399 1804 de
1430 1766 1545 1804 statu
1580 1764 1808 1806 dioecesos
1842 1766 1885 1807 S.

80 1832 239 1874 Sedem
271 1833 314 1873 in
346 1831 602 1874 Visitatione
635 1832 692 1874 ad
724 1832 891 1873 Limina
913 1832 1143 1874 certiorem
1176 1832 1379 1883 reddens,
1404 1834 1457 1873 de
1481 1834 1595 1875 clero
1616 1834 1886 1887 Glagolitico

78 1903 122 1944 in
155 1902 357 1956 Capitulo
390 1915 440 1943 ac
474 1902 516 1942 in
546 1902 758 1955 parochia
788 1901 1003 1956 Novaljae
1035 1902 1143 1943 haec
1176 1902 1328 1943 refert:

221 1982 489 2033 „Duodecim
527 1983 814 2024 praebendae
837 1983 1114 2025 canonicales
1136 1983 1320 2025 totidem
1344 1984 1466 2025 alunt
1490 1985 1750 2035 Canonicos‚
1776 1999 1887 2039 quos

79 2040 190 2082 inter
218 2043 505 2082 numerantur
537 2041 900 2090 Archidiaconus,
934 2041 1008 2094 qui
1039 2042 1226 2095 primam
1268 2043 1349 2083 sub
1383 2042 1604 2096 Episcopo
1636 2044 1785 2085 sedem
1811 2056 1886 2086 oc-

79 2102 224 2152 cupat,
256 2099 632 2155 Arcliipresbyter,
666 2103 708 2140 et
738 2099 1029 2141 primicerius.
1067 2099 1322 2153 Sequuntur
1351 2114 1426 2141 sex
1448 2101 1633 2156 Acolyti.
1668 2102 1883 2144 Sacerdo-

78 2159 185 2207 tum,
220 2160 262 2198 et
294 2157 561 2199 Clericorum
595 2157 847 2198 inferiorum
882 2158 1062 2210 exiguus
1085 2162 1149 2198 est
1176 2171 1397 2200 numerus.
1423 2158 1585 2200 Omnes
1616 2159 1751 2202 latino
1774 2161 1886 2202 idio-

80 2217 195 2256 mate
241 2228 365 2257 sacra
409 2217 639 2269 peragunt,
687 2216 877 2268 demptis
925 2219 1118 2268 quotuor
1171 2215 1485 2267 Sacertotibus,
1533 2230 1630 2259 cum
1684 2218 1884 2260 Parocho

79 2273 302 2328 NovaIJae,
336 2276 378 2314 et
408 2274 539 2314 unico
573 2273 872 2323 Subdiacono,
906 2274 979 2326 qui
1003 2274 1152 2326 lingua
1188 2277 1370 2315 utuntur
1401 2273 1579 2328 Illyrica.

218 2331 364 2372 Arbae
406 2331 613 2373 Kalendis
654 2332 841 2384 Augusti
887 2333 994 2373 1757
1042 2356 1084 2362 —
1123 2332 1312 2374 Joannes
1360 2333 1500 2375 Lucas
1534 2333 1752 2386 Garagnin
1784 2333 1887 2387 Epi-

81 2401 240 2442 soopus
272 2389 521 2430 Arbensis.“

218 2468 375 2512 Fari-ati,
401 2469 601 2516 Illyricum
628 2468 798 2513 Sacrum,
823 2469 868 2512 V,
893 2468 970 2503 288.

555 2566 627 2606 82.
660 2566 791 2615 1760,
825 2566 854 2606 8
883 2563 1026 2614 Junii,
1058 2563 1412 2617 Justinopolitan.

222 2643 406 2686 Carolus
452 2644 685 2686 Gamucius
731 2646 964 2699 episcopus
1006 2645 1401 2698 Justinopolitanus
1442 2646 1485 2686 in
1536 2645 1790 2688 Visitatione
1832 2644 1888 2686 ad

82 2713 253 2757 Limina
284 2715 598 2768 Apostolorum
643 2714 685 2756 S.
730 2714 1129 2768 Congregationem
1173 2714 1355 2756 Concilii
1392 2715 1444 2756 de
1491 2718 1603 2756 statu
1636 2716 1888 2756 dioeceseos

83 2784 311 2825 certiorem
344 2784 546 2833 reddens,
579 2784 731 2825 refert:

76 2907 81 2911 ,
224 2864 438 2914 „Parvum
470 2867 512 2906 et
544 2866 747 2917 exiguum
780 2867 843 2906 est
876 2865 1170 2906 Seminarium
1206 2866 1247 2906 in
1272 2866 1350 2907 hac
1384 2866 1585 2907 civitate:
1627 2868 1663 2904 et
1700 2869 1760 2905 cst
1796 2866 1889 2905 uni-

85 2934 182 2963 cum
224 2923 268 2963 in
308 2924 402 2964 tota
442 2923 607 2964 Histria
655 2924 828 2964 Veneta
865 2948 916 2952 -—
960 2923 1005 2963 [n
1040 2923 1122 2964 hoc
1154 2936 1257 2964 vero
1302 2936 1400 2964 meo
1435 2923 1593 2963 Semin
1588 2936 1679 2963 1110
1713 2924 1888 2963 a·luntui

85 2980 216 3032 gratis
248 2982 438 3033 quatuor
472 2981 626 3028 clerici,
661 2982 736 3033 qui
768 2981 958 3033 linguam
985 2981 1158 3022 §lavam
1182 2983 1380 3029 noscunt,
1422 2984 1461 3021 et
1484 2981 1614 3033 pauti
1638 2980 1708 3021 aiii
1744 2980 1884 3019 clcrici

84 3038 271 3091 propriis
304 3051 455 3080 eorum
488 3038 735 3091 sumptibus
767 3039 910 3080 alendi
944 3038 1077 3091 recipi
1109 3041 1294 3091 possunt
1316 3042 1496 3091 propter
1528 3038 1717 3078 fabricat·
1751 3050 1831 3088 igin
1824 3050 1887 3077 u-

85 3095 225 3137 stiam.
236 3098 252 3116 ‘⁴

223 3174 502 3210 Authenticum
529 3175 567 3209 in
594 3174 763 3210 Archivo
804 3177 837 3209 S.
873 3175 1008 3220 Congr.
1051 3174 1211 3208 Concilii
1246 3175 1283 3208 in
1313 3173 1518 3209 Tabulario
1549 3173 1752 3216 Vaticano,
1774 3172 1889 3219 juxta

94 3224 318 3268 excerptum
345 3221 612 3257 Crncioianuni
639 3221 728 3256 anni
758 3221 852 3255 1892.
