2243 3444
285 323 398 358 XLII
525 323 609 369 VH.
639 322 855 368 Scriptores
884 322 930 356 de
957 321 1135 366 Liturgia
1162 321 1554 367 Glagolito-Romana
1579 324 1753 368 agentes.

379 463 579 507 Glavinic.
617 463 872 505 Franciscus
918 463 972 504 Μ.
1017 461 1064 505 Ο.
1108 463 1162 504 de
1203 476 1286 504 usu
1326 462 1489 516 vigenti
1525 462 1620 515 Lgr.
1624 475 1706 503 nae
1737 462 1782 503 in
1813 462 2044 514 Dalmatia,

241 522 429 572 Oroatia
465 521 684 570 Slavonia,
717 520 938 570 Liburnia,
972 521 1121 562 insulis
1164 523 1207 562 et
1252 520 1358 562 locis
1401 520 1630 562 maritimis
1660 520 1872 562 Adriatici
1903 520 2044 562 litoris

240 583 282 622 ct
312 580 355 621 in
388 580 591 628 Vinodol,
622 578 771 629 XVIII,
804 580 872 620 51.

376 649 539 690 Hosius
572 647 816 690 Cardinalis
857 649 1044 700 Legatus
1087 647 1130 689 S.
1176 647 1303 690 Sedis
1336 647 1392 688 ad
1434 646 1511 688 SS.
1548 646 1792 689 Concilium
1824 647 2044 689 Tridenti-

238 721 341 749 uum
374 708 428 748 de
458 707 626 759 Lgr.na,
657 705 807 759 lingua
833 705 1075 747 Dalmatica
1106 706 1316 759 librisque
1347 704 1714 758 Hieronymianis,
1746 703 1855 755 XVI,
1891 706 1985 748 110.

374 777 610 829 Hungarus
651 775 832 829 quidam
875 775 928 816 de
969 789 1053 816 usu
1093 775 1254 828 vigenti
1286 775 1469 828 Lgr.nae
1513 775 1556 815 in
1593 774 1814 828 parochiis
1854 774 2043 816 foraneis

239 834 555 876 Scardonensis
588 834 855 882 dioeceseos,
888 831 1043 882 XVIII,
1079 832 1172 874 106.

374 903 567 945 Kandler
598 903 978 955 historiographus
1020 903 1228 944 Istrianus
1271 901 1326 942 de
1365 915 1448 943 usu
1480 901 1643 954 vigenti
1674 902 1856 954 Lgr.nae
1888 901 1931 943 in
1962 913 2041 954 pa-

236 961 397 1003 rochiis
427 960 617 1002 foraneis
648 960 902 1001 petenensis
935 960 1203 1010 dioeceseos,
1235 959 1384 1007 XVIII,
1420 959 1544 1000 12521
1575 959 1634 1014 (p.
1667 959 1754 1013 93).

374 1031 595 1072 Karaman
627 1029 874 1071 Matthaeus
891 1029 1249 1083 archiepiscopus
1268 1029 1489 1070 Jadrensis
1507 1029 1561 1070 de
1579 1042 1657 1070 usu
1677 1028 1839 1081 vigenti
1860 1028 2044 1082 Lgr.nae
2105 1070 2107 1073 ,

238 1089 280 1129 in
314 1089 449 1139 Istria,
484 1088 660 1130 Oroatia
693 1090 734 1128 et
765 1087 996 1137 Dalmatia,
1028 1086 1176 1137 XVIII,
1210 1088 1277 1129 78.

372 1157 587 1212 Kavanjin
617 1159 750 1210 poeta
783 1156 1052 1209 Spalatensis
1084 1157 1138 1198 de
1171 1156 1337 1209 origine
1368 1157 1564 1209 Lgr.nae,
1597 1155 1746 1205 XVIII,
1779 1154 1846 1197 25.

374 1215 530 1256 Klodic
561 1214 780 1256 Antonius
809 1213 1021 1255 Istrianus
1054 1215 1108 1255 de
1140 1227 1222 1255 usu
1253 1214 1434 1267 Lgr.nae
1472 1215 1514 1255 in
1546 1214 1680 1263 Istria,
1712 1213 1824 1262 XIX,
1862 1213 1953 1254 105.

372 1285 608 1326 Kociancic
642 1284 697 1326 de
728 1284 875 1325 studio
907 1283 1081 1336 linguae
1110 1284 1456 1337 palaeoslavicae
1494 1284 1536 1324 in
1569 1283 1816 1326 Seminario
1850 1282 2039 1325 Centrali

238 1343 484 1391 Goritiensi‚
516 1341 626 1392 XIX,
659 1342 713 1384 65
733 1356 757 1383 a
789 1342 847 1396 (p.
884 1342 997 1396 157).

373 1412 540 1453 Krcelic'
586 1411 808 1452 chronista
841 1411 1144 1463 Zagrabiensis
1177 1411 1231 1452 de
1261 1411 1476 1452 beneficio
1520 1411 1821 1463 glagolitarum
1854 1410 1898 1451 in
1931 1409 2038 1452 Sve-

236 1471 318 1511 tice
351 1469 656 1523 Zagrabiensis
689 1469 958 1518 dioeceseos,
990 1467 1119 1518 XVII,
1153 1469 1220 1519 63,
1254 1470 1320 1511 66.

370 1539 520 1581 Mattei
552 1538 932 1591 historiographus
972 1539 1224 1591 Ragusinus
1257 1539 1312 1579 de
1343 1551 1425 1580 usu
1466 1537 1628 1591 vigenti
1659 1538 1842 1590 Lgr.nae
1875 1537 1917 1578 in
1947 1536 2037 1579 Ra-

234 1597 424 1649 gusiensi
456 1596 660 1647 dioecesi,
693 1596 838 1645 XVIII,
876 1596 969 1637 1002.

370 1666 552 1719 Maupas
579 1665 935 1718 archiepiscopus
956 1665 1178 1707 Jadrensis
1201 1665 1255 1707 de
1272 1665 1427 1718 Lgr.na
1448 1665 1492 1706 in
1515 1664 1705 1706 dioecesi
1729 1666 1770 1706 et
1791 1664 1834 1706 in
1856 1663 2036 1718 provin-

233 1724 299 1766 cia
330 1723 542 1773 Jadrensi,
573 1723 681 1773 XIX,
716 1724 782 1764 87.

368 1793 520 1834 Merati
548 1793 762 1846 liturgista
794 1793 848 1834 cle
880 1805 961 1834 usu
1003 1793 1165 1844 vigenti
1207 1793 1389 1845 Lgr.nae
1420 1793 1464 1833 in
1510 1792 1647 1840 Istria,
1679 1790 1901 1840 Liburnia,
1934 1791 2034 1832 Dal-

231 1851 365 1893 matia
396 1851 555 1892 litorali
588 1853 627 1892 et
661 1851 704 1892 in
738 1851 920 1892 ecclesia
958 1850 1001 1891 S.
1024 1851 1281 1904 Hieronymi
1303 1850 1569 1903 Illyricorum
1592 1850 1775 1899 Romae,
1797 1848 1945 1898 XVIII,
1969 1848 2036 1891 52.

367 1921 519 1962 Murko
552 1921 772 1972 professor
804 1920 1107 1962 Universitatis
1150 1920 1405 1962 Graecensis
1438 1920 1492 1961 de
1523 1919 1622 1961 fatis
1659 1919 1841 1972 Lgr.nae
1873 1917 1970 1959 XIX
2001 1931 2034 1959 s.

235 1981 436 2028 exeunte,
469 1977 584 2027 XIX,
621 1977 714 2020 118.

368 2047 543 2089 Naldini
573 2048 805 2101 episcopus
837 2048 1232 2101 Justinopolitanus
1265 2048 1320 2089 de
1360 2060 1442 2089 usu
1475 2046 1633 2100 vigenti
1666 2046 1848 2099 Lgr.nae
1880 2046 1923 2087 in
1954 2059 2033 2088 sua

232 2105 436 2155 dioecesi,
468 2104 624 2154 XVIII,
657 2105 754 2146 9243.

368 2174 535 2215 Nicolai
585 2175 907 2216 Modruscensis
959 2188 1010 2216 ac
1055 2175 1368 2216 Korbaviensis
1429 2174 1623 2228 episcopi
1669 2174 1866 2226 Lgrnae,
1913 2172 2032 2226 apud

232 2229 415 2273 Cloatas
447 2234 487 2272 et
519 2232 563 2272 in
594 2232 810 2274 Dalmatia
843 2233 1134 2274 communiter
1165 2233 1362 2285 vigentis,
1387 2232 1605 2285 apologia,
1636 2231 1722 2280 XV,
1756 2231 1823 2272 67.

368 2289 521 2330 Orbini
567 2290 743 2331 Maurus
790 2290 844 2331 de
885 2303 966 2331 usu
1007 2291 1169 2343 vigenti
1210 2291 1304 2343 Lgi.
1310 2303 1391 2331 nae
1432 2290 1476 2331 in
1518 2289 1726 2330 Liburnia
1768 2291 1810 2330 et
1855 2287 2030 2358 Norico,

230 2345 358 2396 XVII,
392 2347 430 2387 3.

367 2415 457 2456 Pax
497 2416 714 2457 Jordanus
747 2417 979 2470 episcopus
1021 2417 1354 2469 Trauguriensis
1396 2417 1450 2458 de
1493 2417 1676 2469 Lgr.nae
1720 2415 1848 2457 viridi
1880 2416 2031 2456 obser-

229 2473 378 2514 vantia
409 2474 452 2514 in
483 2473 700 2515 Dalmatia
732 2477 774 2514 et
805 2474 848 2514 in
880 2474 1133 2526 regionibus
1165 2474 1374 2521 finitimis,
1408 2473 1537 2523 XVII,
1572 2474 1667 2515 134.

365 2531 539 2572 Palazzi
572 2531 760 2572 Joannes
788 2531 922 2573 Italus
955 2532 1009 2573 de
1030 2544 1111 2572 usu
1144 2532 1305 2584 vigenti
1327 2532 1510 2584 Lgr.nae
1541 2532 1660 2584 apud
1688 2531 1842 2573 slavos
1874 2528 2028 2583 Iliyrici

231 2587 536 2636 Occidentalis,
568 2587 714 2637 XVIII,
748 2588 843 2630 246.

366 2657 533 2698 Pastric
577 2657 843 2710 Theologiae
888 2658 1042 2699 Lector
1088 2659 1131 2699 in
1179 2658 1372 2711 Collegio
1414 2659 1592 2700 Urbano
1636 2658 1691 2698 de
1733 2653 2028 2709 propaganda

228 2714 334 2755 Fide
367 2714 420 2755 de
451 2727 533 2755 usu
564 2715 726 2766 vigenti
758 2714 852 2767 Lgr
857 2728 941 2757 nae
973 2716 1016 2756 in
1055 2714 1180 2757 Istiia
1214 2718 1254 2756 et
1287 2716 1518 2763 Dalmatia,
1552 2714 1687 2764 XVII,
1721 2714 1817 2755 0244.

349 2771 542 2880 {ostelli
575 2772 812 2813 Guilelmus
845 2773 899 2813 de
930 2786 1012 2814 usu
1055 2773 1277 2815 communi
1309 2773 1402 2826 Lgr
1407 2786 1491 2815 nae
1532 2773 1577 2814 in
1607 2772 1777 2826 Illyrico
1811 2771 2027 2813 Occiden-

230 2829 315 2879 tali,
391 2829 463 2870 VII
509 2829 605 2870 247.

362 2898 556 2940 Pulkava
589 2898 949 2952 chronographus
990 2898 1249 2940 bohemicus
1292 2900 1346 2940 de
1387 2912 1469 2940 usu
1515 2898 1735 2940 communi
1768 2898 1951 2950 Lgr.nae
1982 2897 2025 2938 in

227 2954 396 3009 Illyrico
430 2955 713 3005 Occidentali,
746 2955 856 3005 XIV,
890 2957 957 2997 29.

364 3025 572 3066 Relkovic'
603 3027 736 3077 poeta
769 3025 1026 3067 Slavonicus
1071 3026 1125 3066 de
1167 3025 1333 3078 origine
1363 3026 1545 3077 Lgr.nae
1578 3038 1628 3066 ac
1662 3025 1716 3065 de
1748 3037 1827 3065 usu
1861 3023 2024 3076 vigenti

229 3081 423 3122 eiusdem
458 3083 577 3134 apud
610 3082 847 3130 Dalmatas,
879 3082 1030 3133 XVIII,
1063 3083 1159 3124 8⁶23
1192 3083 1250 3137 (p.
1283 3082 1368 3136 90).

364 3139 475 3180 Ruic':
508 3139 887 3192 historiographus
919 3139 1125 3192 Pagensis
1163 3141 1216 3181 de
1249 3153 1329 3181 usu
1367 3139 1525 3191 vigenti
1558 3140 1739 3191 Lgr.nae
1769 3138 1890 3190 Pagi,
1923 3137 2023 3178 Flu-

228 3195 354 3246 mine,
388 3195 557 3248 Segnae
590 3199 632 3238 et
662 3197 832 3246 Jadrae,
864 3195 974 3248 XIX,
1009 3198 1045 3238 1.
