2243 3444
407 282 428 327 (Ξῖ
1010 277 1190 321 Fontes
1240 274 1496 328 Liturgiae

733 349 886 358 v———-
890 347 1005 353 Μ

898 426 962 464 13.
991 424 1121 470 1707,
1154 420 1398 472 Filipjakov
1428 418 1603 459 Jadren.

502 533 744 574 Renovatio
790 528 996 570 ecclesiae
1036 524 1300 579 parochialis
1343 522 1418 563 SS.
1462 521 1650 573 Philippi
1693 523 1734 559 et
1763 519 1916 560 Jacobi
1946 519 1989 558 in
2023 518 2152 571 Filip-

359 604 492 657 jakov
522 600 740 643 ladrensis
785 599 1035 638 dioeceseos
1079 599 1276 646 tempoie
1319 590 1542 632 Michaelis
1581 588 1820 630 Kuzinovic
1863 587 2057 640 parochi,
2088 587 2154 627 in-
2212 649 2214 651 ‚

368 672 601 723 scriptione
641 667 884 721 glagolitica
930 665 1041 718 parti
1095 663 1290 715 posticae
1336 659 1490 700 trontis
1534 659 1669 711 ipsius
1712 657 1917 698 ecclesiae
1944 655 2152 703 immissa,

368 741 604 782 memoriae
638 736 981 779 commendatur.

502 830 525 864 J
531 830 610 864 elic.
637 829 791 861 Bosana
816 826 827 859 i
855 826 916 860 Sv.
943 824 1040 869 Filip
1066 823 1078 856 i
1101 822 1230 857 Jakov
1254 821 1294 855 in
1327 819 1570 865 ephemeride
1607 817 1785 852 Viestnik
1807 816 1890 850 hrv.
1935 815 2077 862 arheol.
2104 815 2156 848 dr.

368 877 410 910 N.
440 877 473 910 S.
502 876 559 909 ΙΙΙ
586 874 715 918 (1898),
743 872 818 906 100.

1050 1011 1115 1048 14.
1149 1009 1281 1054 1707,
1304 1006 1471 1047 Romae.

503 1118 698 1169 Philipus
730 1114 936 1163 Rondini,
968 1113 1102 1154 verba
1133 1111 1349 1153 Francisci
1383 1111 1450 1151 del
1484 1109 1605 1151 Sodo
1639 1108 1745 1163 [Cfr.
1772 1107 1890 1148 XVII
1913 1121 1945 1148 s.
1979 1107 2029 1149 N.
2054 1106 2156 1162 245]

368 1189 421 1229 de
453 1187 669 1228 erectione
702 1184 890 1226 Oratorii
924 1183 966 1223 S.
1002 1181 1144 1234 Cyrilli
1186 1180 1388 1229 referens,
1432 1178 1738 1220 animadvertit
1770 1177 1884 1218 idem
1918 1177 2158 1218 oratorium

368 1257 414 1298 S.
449 1256 687 1297 Domenic'o
721 1254 913 1294 dicatum
945 1252 1087 1292 fuisse.

505 1346 572 1380 Ph.
601 1344 818 1385 Rondinini‚
844 1343 1011 1377 Basilica
1037 1342 1071 1376 S.
1100 1340 1310 1375 Clementii.
1337 1340 1442 1381 1707;
1470 1338 1534 1373 cfr.
1562 1337 1762 1380 Bartolini,
1788 1337 1974 1372 Memorio
2000 1337 2159 1372 storico-
2208 1334 2212 1339 ’

367 1391 659 1437 archeologiche
685 1391 745 1424 dei
771 1389 877 1425 Santi
903 1388 1030 1424 Cirillo
1057 1399 1078 1422 e
1102 1387 1285 1429 Metodio,
1311 1387 1429 1421 Roma
1457 1385 1554 1427 1881,
1581 1385 1659 1419 189.

846 1531 911 1569 15.
944 1530 1073 1576 1709,
1110 1530 1130 1566 1
1156 1527 1296 1576 Jnniz‘,
1328 1525 1678 1577 Justinopolz'tan.

508 1635 668 1676 Paulus
701 1634 874 1675 Naldini
908 1633 1139 1685 episcopus
1180 1631 1573 1683 Justinopolitanus
1621 1631 1663 1670 in
1697 1629 1952 1670 Visitatione
2002 1629 2058 1669 ad
2089 1628 2160 1668 Li-·

369 1705 486 1746 mina
528 1703 839 1757 Apostolorum
883 1702 923 1743 S.
974 1700 1364 1753 Congregationem
1414 1698 1592 1741 Concilii
1641 1700 1694 1739 de
1741 1701 1855 1739 statu
1904 1698 2156 1739 dioeceseos

382 1775 605 1815 certiorem
641 1773 841 1821 reddens,
875 1772 1023 1812 refert:

511 1865 693 1916 „Quoad
725 1865 913 1917 primum
946 1865 1000 1905 ab
1025 1864 1105 1904 ΕΕ.
1131 1863 1214 1904 VV.
1239 1863 1462 1903 sciendum
1487 1865 1662 1913 exopto,
1685 1861 1805 1914 quod
1835 1861 1981 1901 itidem
2007 1860 2157 1901 SSmo.

374 1924 557 1964 Domino
591 1923 749 1963 Nostro
784 1923 966 1963 Summo
1009 1921 1209 1962 Pontifici
1244 1920 1466 1967 Clementi,
1510 1932 1590 1972 pro
1620 1919 1844 1971 praedicto
1880 1918 2048 1959 indulto
2082 1918 2161 1960 ob·
2197 1927 2199 1930 ⁴

372 1982 550 2021 timendo
585 1980 803 2020 humiliter
835 1980 1038 2032 exposui:
1074 1979 1194 2031 quod
1226 2003 1279 2007 -
1301 2002 1348 2007 —
1385 1978 1461 2018 etsi
1486 1977 1673 2018 arduum
1697 1976 1904 2017 clericalis
1928 1975 2158 2029 Seminarii

376 2051 485 2090 opus
517 2051 596 2090 pro
628 2036 794 2090 Illyrica
822 2038 967 2088 lingua
1000 2036 1280 2083 addiscenda,
1303 2036 1464 2076 nedum
1489 2048 1514 2076 a
1544 2047 1627 2082 me,
1651 2034 1727 2074 sed
1750 2047 1774 2074 a
1805 2033 2161 2086 praecessoribus

375 2095 481 2135 meis
512 2108 682 2146 semper
714 2097 932 2147 quesitum
966 2097 1006 2133 et
1038 2097 1251 2146 optatum,
1285 2096 1326 2133 et
1358 2093 1526 2141 merito,
1551 2092 1654 2144 quia
1684 2104 1817 2144 supra
1847 2091 2026 2131 modum
2060 2103 2162 2131 nec-

374 2153 620 2193 cessarium.
654 2165 704 2192 eo
737 2152 914 2193 tandem
948 2151 1185 2191 deductum
1220 2154 1296 2197 est,
1328 2154 1375 2190 ut
1399 2150 1721 2202 quamprimum
1755 2147 1860 2188 mihi
1891 2149 2160 2200 sperandum
2191 2191 2195 2194 ,

372 2210 475 2249 illud
508 2222 595 2249 non
627 2211 767 2249 solum
800 2209 1042 2255 fundatum,
1076 2212 1117 2248 et
1149 2211 1354 2252 erectum,
1387 2208 1464 2247 sed
1497 2211 1538 2246 et
1569 2209 1767 2258 apertum
1800 2206 1958 2246 videre.
1995 2228 2040 2234 —
2071 2205 2193 2247 Re-·.

370 2267 474 2319 liqui
515 2280 630 2315 vero,
663 2267 696 2306 si
739 2279 789 2306 ex
822 2266 914 2306 aliis
956 2266 1104 2306 Istriae
1145 2265 1419 2306 dioecesibus
1451 2265 1536 2304 huc
1576 2277 1621 2303 se
1653 2264 1910 2312 conferrent,
1944 2263 2155 2314 integrum

372 2325 509 2364 victus
541 2324 805 2376 stipendium
839 2336 1015 2375 erogare
1048 2326 1261 2363 tenentur.
1295 2323 1347 2362 Et
1379 2335 1530 2362 omnes
1562 2321 1688 2361 simul
1720 2333 1891 2360 morum
1924 2321 2162 2372 probitate,

376 2381 574 2432 religiosa
606 2382 841 2421 litterarum
876 2381 1044 2432 peritia,
1077 2384 1117 2419 et
1149 2380 1314 2434 Illyrica
1354 2379 1501 2430 lingua
1543 2378 1803 2419 imbuentur.
1839 2377 1936 2427 Quo
1971 2378 2158 2418 discreto

372 2438 667 2479 moderamine
713 2450 971 2489 prosperum
1017 2437 1145 2489 hujus
1192 2436 1419 2477 Seminarii
1460 2436 1621 2477 exitum
1655 2438 1844 2476 futurum
1888 2447 2060 2476 censeo.
2107 2434 2188 2475 Et·

373 2495 548 2547 quidem
590 2508 676 2535 non
720 2496 809 2534 leve
851 2507 973 2534 meae
1014 2495 1202 2534 dioecesi
1243 2494 1316 2543 (ne
1358 2494 1412 2533 de
1446 2493 1628 2534 coeteris
1667 2491 1818 2533 Istriae
1862 2491 2030 2544 loquar,
2065 2491 2188 2543 parii

375 2552 617 2592 calamitate
672 2551 987 2602 laborantibus)
1033 2565 1085 2591 ne
1127 2551 1268 2592 dicam
1311 2551 1568 2591 immensam
1611 2549 1838 2602 pioveniet
1883 2548 2177 2602 beneficium„

374 2609 453 2649 Ubi
487 2609 696 2649 hactenus
727 2609 873 2660 aliqua
904 2609 1025 2660 plebs
1066 2609 1218 2649 ruralis
1259 2608 1440 2655 vacavit,
1484 2608 1540 2649 ad
1584 2607 1844 2659 plebanatus
1876 2612 2035 2646 munus
2068 2618 2157 2647 non

373 2666 570 2706 meliores
603 2666 757 2717 eligere
787 2665 917 2706 licuit.
952 2666 1006 2706 Hi
1039 2666 1167 2707 etiam
1200 2666 1266 2705 vel
1299 2666 1340 2705 in
1365 2665 1485 2713 urbe,
1517 2665 1645 2705 velin
1676 2663 1850 2716 oppidis
1880 2662 2087 2716 Pyrrhani
2121 2665 2162 2703 et

374 2723 542 2763 Insulae
574 2723 805 2774 praedictis
852 2726 1184 2770 commorantes,
1229 2734 1327 2762 cum
1369 2735 1457 2762 non
1501 2721 1684 2763 calleant
1726 2720 1937 2772 illyricum
1980 2720 2160 2767 idioma,

375 2792 462 2831 quo
495 2779 623 2820 unico
655 2779 807 2820 ruralis
837 2779 1030 2831 plebium
1062 2780 1250 2832 populus
1285 2779 1431 2828 utitur,
1464 2778 1540 2819 sed
1573 2778 1761 2830 aliquem
1791 2778 2090 2830 presbyterum
2117 2776 2160 2817 in

371 2835 537 2889 Illyrica
566 2835 715 2888 linqua
746 2839 978 2882 versatum,
1024 2836 1124 2877 hinc
1166 2836 1266 2877 inde
1297 2836 1568 2888 requisitum,
1617 2835 1882 2887 quicumque
1913 2834 1981 2875 ille
2015 2835 2083 2880 sit,
2116 2836 2158 2874 et

376 2893 643 2945 quondoque
674 2893 934 2943 Regularem
966 2893 1168 2945 aliquem
1201 2894 1463 2944 praesentim
1510 2893 1643 2933 Tertii
1677 2891 1852 2932 Ordinis
1882 2891 2048 2946 Illyrica
2078 2891 2159 2931 lin-

375 2962 456 3000 gua
499 2950 567 2990 hic
608 2963 685 3001 per
725 2948 895 2990 Istriam
939 2950 1091 2990 Divina
1136 2950 1274 2991 Officii
1317 2953 1407 2990 tum
1450 2950 1676 2990 Missarum
1720 2948 2025 2998 celebrantem,
2069 2960 2158 2989 non

374 2982 504 3046 {eme}
537 3019 714 3046 necesse
749 3007 825 3046 tuit
858 3007 1019 3047 eisdem
1051 3007 1327 3059 praeficere&

398 3140 403 3146 ι
510 3095 785 3174 Aufflmnffizggm
813 3096 849 3128 in
877 3095 1043 3130 Aichivo
1081 3097 1103 3127 S
1144 3096 1299 3130 (oncilii
1325 3096 1362 3129 in
1389 3096 1612 3136 'Pabulario;
1641 3095 1756 3140 juxta
1781 3098 2005 3140 excerptum
2031 3092 2158 3128 Ornoi-

375 3152 522 3174 cianum
550 3152 637 3175 anm
736 3149 764 3173 μ.
