2191 3434
653 154 1198 205 Glagolito-Romanae
1226 156 1298 194 XV
1324 171 1351 194 s.
1885 159 1931 199 19

561 318 632 367 69.
666 326 783 369 1471,
817 328 853 356 2.
892 315 1017 364 Juliz',
1057 315 1266 369 Omz‘s'alji
1306 317 1470 369 Veglen

216 410 499 453 Consecratio
544 412 686 491 altaris
735 411 814 453 SS
848 412 1055 492 Corporis
1099 411 1256 454 Christi
1300 415 1341 452 in
1387 414 1573 454 ecclesia
1605 414 1651 455 B.
1683 415 1736 455 V.
1769 415 1929 455 Mariae

32 638 48 670 ··,
69 626 173 667 XIV
205 639 236 666 s.
270 625 322 667 N.
357 624 430 680 20)
466 628 705 667 memoriae
740 629 1032 681 consignatur.

213 699 375 750 Surmin‚
401 709 499 743 Acta
525 709 691 742 croatica
718 707 745 749 1,
774 709 976 753 Zagrabiae
1005 711 1107 750 1898,
1137 713 1217 744 263.

649 900 712 943 70.
745 902 864 943 1471,
908 890 1134 940 Verbenz'cz',
1178 890 1343 943 Veglen.

211 986 463 1035 Decretum,
497 999 585 1038 quo
621 999 776 1026 omnes
786 987 968 1066 ’clerici
1003 984 1355 1028 Verbenicenses
1399 987 1632 1040 Veglensis
1666 988 1927 1067 dioeceseos

211 1203 371 1252 Surmin,
399 1213 496 1246 Acta
522 1212 687 1246 croatica
713 1210 741 1253 1,
769 1212 972 1257 Zagrabiae
999 1215 1102 1252 1898,
1131 1214 1208 1246 264.

556 1392 616 1434 71.
650 1391 768 1434 1471,
802 1380 941 1421 Hutin
975 1380 1158 1435 (Fribz'c‘)
1193 1381 1452 1433 Zagmbien.

210 1477 429 1518 Nicolaus·
451 1478 666 1530 plebanus
699 1479 742 1517 in
775 1477 910 1518 Hutin
944 1478 1163 1532 glagolita.

210 1558 385 1604 Lopasid,
414 1558 502 1593 Oko
528 1559 642 1603 Kupe
669 1559 679 1592 i
706 1560 871 1600 Kmane,
899 1560 1103 1605 Zagrabiae
1130 1562 1233 1600 1895,
1262 1563 1319 1595 16.

553 1741 591 1778 2,
624 1740 744 1782 1472,
778 1730 846 1769 18.
883 1727 1008 1776 Maii,
1040 1729 1161 1770 Novi
1188 1729 1476 1772 Modruscien.

208 1825 396 1866 Litterae
447 1826 725 1878 quietationis
787 1840 810 1865 a
857 1826 985 1879 Juran
1038 1826 1229 1878 plebano
1282 1826 1492 1867 Noviensi
1543 1827 1923 1879 archipresbytero

65 1918 87 1947 μ
111 1898 356 1938 inodolensi
390 1897 737 1937 Modrusciensis
771 1898 1046 1947 dioeceseos,
1098 1898 1155 1937 de
1207 1898 1345 1938 domo
1398 1912 1529 1951 quam
1583 1906 1828 1939 conventus
1880 1899 1923 1940 S.

0 1963 10 2015 ,ῥ’
33 1986 71 1998 v
112 1970 224 2009 ariae
257 1969 314 2009 de
347 1968 469 2021 Ospa
490 1970 572 2009 sub
593 1968 705 2009 Novi
733 1970 874 2021 pretio
907 1970 1121 2022 aquisivit,
1155 1969 1477 2010 characteribus
1501 1971 1763 2024 glagoliticis
1786 1971 1922 2011 confi-

620 2302 682 2344 73.
714 2302 834 2345 1472,
869 2304 929 2333 12.
969 2291 1109 2340 Junz'z‘,
1144 2292 1369 2346 (Jadrae).

76 2439 77 2442 Ἴ
207 2388 439 2439 Presbyter
470 2387 628 2440 Brajko
656 2387 878 2441 Jadrensis
912 2389 1189 2437 dioeceseos,
1222 2390 1624 2442 peregrinationem
1657 2390 1714 2429 ad
1748 2389 1791 2431 S.
1824 2389 1914 2430 Ma-

26 2460 170 2499 {rviam
205 2461 261 2499 de
292 2459 489 2500 Rakanat
523 2457 794 2513 (Recanati?)
840 2461 1097 2512 suscipiens,
1142 2468 1454 2501 testamentum
1491 2461 1784 2514 olographum
1819 2462 1920 2501 cha-

58 2530 302 2571 acteribus
335 2531 595 2585 glagoliticis
629 2531 818 2572 conficit.

60 2590 61 2593 Ἴ
207 2603 368 2653 Surmin,
395 2613 492 2646 Acta
518 2612 683 2647 croatica
710 2611 738 2647 Ι.
765 2613 967 2657 Zagrabiae
995 2615 1097 2652 1898,
1127 2615 1194 2647 268
1221 2624 1250 2646 s.
1278 2613 1358 2646 Rus
1389 2613 1582 2650 Varikase.
1610 2613 1715 2657 quod
1742 2615 1777 2647 in
1804 2618 1919 2648 testa-

106 2663 195 2693 ento
216 2661 441 2701 nominatur,
463 2671 540 2694 non
560 2660 672 2705 longe
699 2671 720 2694 a
745 2661 936 2704 Bokanjac
958 2670 1080 2704 prope
1097 2661 1246 2705 Jadram
1282 2665 1372 2694 erat.
1404 2661 1675 2695 Monasterium
1699 2661 1735 2695 S.
1756 2662 1920 2701 Ioannis,

5 2707 116 2761 :eite-
141 2718 218 2752 quo
257 2708 370 2742 etiam
410 2708 567 2742 verbum
614 2708 749 2753 Jadrae
789 2714 878 2742 erat.
919 2708 977 2742 Ex
1017 2709 1074 2742 his
1109 2713 1214 2752 patet
1241 2713 1514 2742 testamentum
1536 2709 1672 2753 Jadrae
1699 2709 1919 2742 confectum

108 2765 197 2797 isse;
224 2766 310 2789 nam
337 2760 375 2789 et
413 2756 673 2790 authenticum
708 2756 810 2800 apud
850 2755 878 2790 1.
905 2755 1036 2790 Bereici
1068 2757 1291 2801 jadrensem
1329 2767 1377 2790 ex
1416 2757 1648 2791 monasterio
1683 2757 1853 2801 Jadrensi
1883 2756 1920 2791 S.

106 2802 215 2843 ariae,
242 2808 474 2838 asservatum
504 2808 574 2838 est.

583 2970 648 3014 74.
679 2972 799 3014 1473,
832 2973 894 3006 [ς.
927 2960 1167 3010 Februarii,
1205 2960 1388 3009 Jadrae.

208 3055 364 3109 Brajko
398 3056 580 3097 Hransid
614 3057 842 3110 presbyter
874 3057 1083 3110 Bokanjci
1113 3057 1333 3110 Jadrensis
1367 3057 1627 3097 dioeceseos
1672 3057 1919 3109 peregrina-
