2243 3444
373 337 438 370 104
977 333 1157 367 Fontes
1185 331 1427 373 Liturgiae

384 481 462 519 Ad.
489 481 613 518 Num.
640 480 765 518 3113.

467 552 634 590 Marcus
696 547 904 598 Calogera
955 546 1293 586 Commendator
1351 544 1579 596 Imperialis
1632 547 1809 586 Ordinis
1867 545 2090 598 Leopoldi‚

327 612 476 651 Sacrae
512 610 558 649 C.
586 610 627 649 R.
652 609 797 658 Apost.
822 605 1046 646 Maiestatis
1080 604 1250 644 actualis
1276 606 1444 645 intimus
1477 609 1604 645 status
1639 606 1916 654 consiliarius,
1951 607 2029 646 Dei
2053 610 2092 646 et

326 668 597 720 Apostolicae
643 668 765 707 Sedis
811 667 937 715 gratia
984 666 1223 714 Episcopus
1257 663 1513 714 Spalatensis
1559 670 1597 704 et
1638 665 1947 705 Makarskensis
1989 663 2088 705 olim

327 728 601 769 Salonitanus.
669 724 833 765 Dilecto
868 724 994 763 nobis
1029 724 1067 762 in
1103 723 1272 763 Christo
1308 724 1557 765 Reverendo
1593 724 1781 763 Domino
1822 725 1956 764 Lucae
1989 722 2091 774 Jelic'

325 786 671 827 neo-Sacerdoti
708 785 978 823 Dioecesano
1013 783 1189 822 salutem
1224 783 1263 821 in
1299 782 1507 822 Domino!

469 846 575 885 Cum
605 846 663 883 Te
698 845 770 882 rite
805 854 944 882 sacras
979 843 1273 881 coeremonias
1309 841 1509 881 didicisse
1544 842 1682 881 Nobis
1717 845 1879 882 constet
1913 854 1962 881 ex
1995 846 2092 882 atte-

326 906 500 945 statione
546 905 668 942 huius
713 903 852 941 Nostri
899 902 1267 940 coeremoniarum
1302 902 1489 950 Magistri
1536 913 1613 951 pro
1659 899 1801 951 lingua
1845 899 2092 941 vetero-slo-

325 966 469 1003 venica
505 964 571 1001 die
606 962 697 1001 data
732 963 779 1001 31
822 961 1024 1000 Octobris
1059 961 1251 1010 proxime
1287 958 1439 1010 elapsi:
1476 960 1568 999 Nos
1599 958 1756 999 lubenti
1796 962 1936 1000 animo
1965 960 2092 1000 iacul-

328 1028 449 1062 tatem
497 1021 788 1071 praesentibus
831 1019 922 1059 Tibi
971 1020 1231 1069 impertimur
1276 1022 1400 1069 atque
1445 1019 1725 1058 concedimus
1771 1019 2092 1059 Sacrosanctum

327 1084 479 1121 Missae
505 1080 761 1120 Sacrificium
791 1080 829 1118 in
855 1091 1126 1129 quacumque
1157 1078 1381 1118 Dioecesis
1405 1078 1584 1117 Nostrae
1611 1077 1810 1126 Ecclesia,
1845 1077 2092 1118 Monialium

328 1141 511 1190 cujusvis
540 1140 714 1179 Ordinis
750 1142 935 1188 excepta,
972 1139 1049 1177 nisi
1084 1136 1312 1187 specialem
1347 1139 1462 1187 prius
1486 1135 1694 1177 licentiam
1717 1137 1963 1185 obtinueris,
1999 1150 2091 1187 per-

326 1200 479 1249 agendi
514 1200 552 1237 in
587 1199 665 1237 Dei
701 1198 1017 1247 Omnipotentis
1052 1197 1260 1236 honorem
1309 1200 1345 1235 et
1385 1197 1578 1246 gloriam,
1623 1198 1663 1236 in
1698 1198 1773 1235 Tui
1809 1197 1942 1246 ipsius
1975 1198 2094 1247 spiri-

325 1257 476 1298 tualem
512 1258 761 1308 profectum,
797 1258 1117 1305 animarumque
1151 1256 1340 1304 salutem,
1381 1257 1622 1306 praemissis
1655 1260 1806 1302 tamen,
1843 1268 1942 1306 erga
1983 1268 2094 1306 quos

327 1321 496 1368 spectat,
533 1317 584 1356 de
617 1317 707 1366 jure
742 1320 779 1355 et
813 1316 1137 1363 consuetudine,
1173 1315 1499 1364 praemittendis.
1536 1316 1628 1354 Nos
1662 1316 1816 1354 interea
1851 1317 1971 1354 etiam
1993 1316 2094 1355 Tuis

328 1377 526 1427 precibus
561 1375 885 1415 commendatos
927 1386 1020 1414 esse
1055 1375 1292 1424 cupientes,
1330 1373 1585 1413 Pastoralem
1621 1374 1966 1414 Benedictionem
2000 1375 2094 1414 Tibi

328 1437 598 1486 impertimur.

737 1494 866 1532 Datae
901 1505 950 1532 ex
985 1493 1136 1531 Nostra
1171 1490 1411 1542 Episcopali
1447 1492 1684 1533 Residentia

470 1576 620 1627 Spalati
657 1577 723 1615 die
758 1578 781 1615 2
817 1577 973 1615 mensis
1009 1576 1263 1615 Novembris
1297 1576 1390 1614 anni
1431 1577 1537 1614 1887

541 1649 580 1688 L.
617 1648 655 1687 S.
1538 1651 1560 1692 †
1595 1647 1763 1686 Marcus
1797 1647 2038 1697 Episcopus

1684 1718 1731 1758 Α.
1767 1717 1893 1757 Sasso
1954 1744 1965 1748 -

1636 1787 1937 1829 Cancellarius.

470 1846 733 1881 Authenticum
762 1845 861 1889 apud
890 1846 1102 1880 Auctorem.

747 1951 837 2008 JOO
851 1977 883 2007 c.
924 1965 1014 2006 188
1024 1965 1059 2014 7,
1098 1966 1119 2005 I
1133 1965 1160 2004 7
1189 1963 1463 2014 Decembrzb,
1487 1963 1675 2018 Jaclme.

472 2051 617 2099 Quum
665 2051 887 2089 litterarum
931 2047 1236 2100 encyclicarum
1285 2061 1305 2088 a
1352 2049 1509 2088 NuntIO
1554 2048 1804 2099 Apostolico
1850 2047 2097 2089 Galimberti

332 2123 547 2171 episcopis
600 2120 950 2160 meridionalibus
993 2120 1259 2159 Cisleithanis
1304 2120 1491 2159 datarum
1538 2120 1626 2165 (cfr.
1660 2120 1709 2159 N.
1741 2121 1837 2168 100)
1885 2124 2096 2170 praetextu

332 2204 431 2230 usus
465 2193 611 2242 vigens
645 2191 833 2241 liturgiae
870 2191 1324 2240 Glagolito-Romanae
1349 2191 1387 2229 in
1412 2190 1615 2229 Dalmatia
1641 2191 1847 2241 supprimi
1871 2192 2097 2241 coepisset,

332 2264 369 2301 in
406 2263 596 2302 Comitiis
632 2263 963 2301 Provincialibus
995 2263 1031 2301 X
1065 2262 1256 2301 sessione
1294 2261 1468 2300 durante
1504 2262 1721 2301 decretum
1747 2263 1872 2301 latum
1898 2265 1977 2302 est:
2014 2262 2097 2301 De-

331 2331 484 2382 legatio
521 2331 789 2372 Provincialis
820 2332 1116 2371 Auctoritatem
1152 2336 1463 2381 competentem
1500 2333 1552 2371 de
1589 2334 1752 2372 verItate
1788 2335 1826 2372 et
1859 2335 1960 2372 statu
1996 2331 2095 2372 reali

331 2416 431 2442 usus
467 2404 618 2443 Missae
655 2402 1108 2453 Olagolito-Romanae
1144 2403 1183 2441 in
1208 2400 1412 2442 Dalmatia
1448 2403 1673 2442 certiorem
1707 2403 1869 2451 reddat,
1905 2407 1943 2443 et
1976 2415 2096 2442 even-

331 2475 453 2512 tualia
500 2473 716 2513 obstacula
762 2474 962 2524 pacificae
995 2474 1178 2512 fruitioni
1214 2473 1404 2512 eiusdem
1452 2472 1658 2524 privilegii
1698 2486 1918 2513 removere
1962 2477 2097 2513 curet:

474 2545 712 2594 Propositio
748 2545 930 2594 deputati
966 2543 1129 2594 Ljubic':
1166 2543 1270 2593 DaJe
1305 2555 1349 2582 se
1384 2542 1515 2593 nalog
1547 2543 1862 2593 Zemaljskomu
1896 2544 2098 2594 Odboru‚

332 2604 435 2642 neka
469 2616 519 2642 na
553 2602 806 2643 nadleinom
842 2604 990 2653 mjestu
1035 2603 1220 2642 razbistri
1265 2603 1433 2641 istinom
1469 2604 1479 2641 i
1512 2603 1719 2642 iakticnim
1768 2604 1943 2653 stanjem
1977 2604 2097 2642 stvari

334 2662 484 2712 pitanje
520 2675 545 2701 o
581 2661 818 2712 glagolskoj
855 2664 946 2701 misi
981 2675 1005 2700 u
1040 2660 1273 2711 Dalmaciji‚
1307 2665 1348 2701 te
1383 2663 1585 2711 uznastoji
1620 2660 1793 2700 ukloniti
1825 2660 2011 2711 slucaJne
2033 2674 2099 2701 za-

334 2722 475 2769 prieke
511 2722 689 2759 mirnom
726 2723 916 2771 uZivanju
950 2725 988 2760 te
1023 2719 1266 2770 povlastice.

476 2781 529 2818 Ex
564 2781 615 2818 37
654 2781 873 2829 deputatis,
909 2781 963 2819 30
1002 2783 1130 2829 „pro“
1171 2783 1209 2818 et
1244 2781 1264 2816 7
1308 2781 1519 2826 ,‚contra“.

475 2848 680 2890 ssrzopisna
702 2847 859 2892 izvjesc'a
887 2847 1022 2882 XXIIla
1048 2846 1271 2891 Zasjedanja
1294 2847 1590 2891 Pokrajinskoga
1613 2846 1755 2882 Sabora
1788 2847 2099 2891 Dalmatinskoga

334 2895 383 2928 od
411 2895 531 2928 dneva
558 2896 602 2928 26
630 2895 849 2939 Studenoga
875 2895 925 2929 do
958 2896 998 2927 1¹.)
1025 2895 1204 2929 Prosinca
1233 2894 1334 2935 1887,
1362 2904 1384 2927 u
1413 2894 1534 2928 Zadru
1567 2894 1666 2935 1888,
1694 2905 1730 2938 p.
1758 2895 1837 2937 355,
1866 2895 1944 2937 547,
1973 2896 2050 2929 551.

402 3026 490 3067 IOO
510 3024 551 3066 sl.
591 3026 716 3066 1887
749 3026 946 3075 exeunte,
988 3024 1281 3066 Vitzslobonae
1314 3023 1463 3078 (apud
1493 3023 1656 3066 Slavos
1694 3024 2037 3077 Cisleithanos).

478 3108 663 3146 Minister
698 3108 845 3147 Cultus
880 3112 917 3147 et
950 3109 1234 3147 lnstructionis
1268 3107 1371 3146 baro
1408 3107 1594 3146 Oautsch
1630 3109 1782 3147 certior
1811 3108 1955 3156 taetus,
1979 3108 2097 3158 quod

338 3176 457 3224 slavi,
507 3182 649 3216 contra
697 3177 847 3217 litteras
894 3179 1033 3217 Nuntii
1080 3178 1314 3228 Apostolici
1348 3178 1699 3217 Vindobonensis
1747 3177 1993 3218 Galimberti
2029 3179 2096 3217 die

343 3249 389 3284 12
426 3249 522 3297 Maji
559 3250 747 3287 eiusdem
784 3251 901 3288 annis
936 3249 1050 3287 datas
1085 3249 1172 3295 (cfr.
1198 3249 1247 3287 N.
1277 3249 1387 3297 100),
1412 3260 1488 3297 pro
1513 3249 1781 3288 extendendo
1808 3261 1885 3288 usu
1905 3249 2096 3298 liturgiae
