2191 3434
633 140 1183 188 Glagolito-Romanae
1211 142 1283 178 XV
1310 154 1339 178 s.
1842 148 1886 181 35

3 307 12 336 5
42 285 360 332 bibliografischer
386 285 543 330 Beitrag.
571 285 717 320 Slavica
752 286 820 320 der
859 286 1068 320 Laibacher
1108 286 1245 332 Lyceal
1275 307 1316 311 -
1346 287 1532 321 Bibllotek
1572 287 1666 332 (Aus
1694 288 1781 322 dem
1811 290 1884 323 An-

42 335 165 380 zeiger
190 334 258 368 der
283 333 415 377 philos.
447 353 486 357 —
514 330 597 367 hist.
626 333 678 369 Cl.
708 337 810 369 1899.
838 334 880 368 N.
909 333 1011 378 XX),
1040 337 1094 368 11.

598 501 687 543 150.
720 489 817 530 XV
842 502 887 536 s.,
921 488 1098 544 (Bermz)
1131 490 1327 531 Petenen.

180 585 443 626 Breviarium
477 585 803 639 Glagoliticum,
837 587 959 625 cuius
1000 585 1295 639 fragmentum
1330 586 1556 639 Proprium
1592 587 1648 627 de
1681 594 1883 640 tempore

40 658 282 706 continens,
314 659 356 696 in
389 657 661 697 Bibliotheca
689 657 865 708 Lyceali
898 656 1141 697 Labacensi
1174 656 1450 698 Collectione
1483 658 1605 699 Zoiss
1638 658 1688 699 N.
1725 659 1820 708 163,
1852 660 1881 708 I,

0 727 6 755 ¹
38 735 290 777 asservatur,
322 741 437 768 anno
474 728 600 776 1504,
621 728 905 768 adnotatione
927 728 1175 782 glagolitica
1208 729 1292 769 hoc
1313 736 1513 779 testante,
1532 729 1674 771 Bermi
1697 728 1882 785 (Vermo

0 797 5 824 ²
37 812 176 852 prope
209 797 429 853 Pazinum)
464 800 716 840 Petenensis
750 799 1025 848 dioeceseos,
1059 801 1100 839 in
1136 813 1213 840 usu
1249 808 1350 849 erat,
1384 802 1685 842 conscribitur.

179 881 203 914 Ι.
232 879 372 922 Βετόἱό,
400 881 495 914 Dvie
539 881 667 914 sluibe
693 892 745 914 sv.
791 869 900 915 Cirila
927 881 936 914 i
964 880 1130 921 Metuda,
1175 881 1319 926 Zagrcb
1347 884 1449 921 1870,
1497 885 1653 924 22—233
1677 882 1781 928 Jagic
1811 883 1878 917 Ein

0 949 2 968 e
38 927 177 961 fiinfter
203 928 562 974 bibliographischer
589 929 747 974 Betirag.
774 927 920 963 Slavica
947 928 1015 962 der
1055 928 1264 963 Laibacher
1289 929 1639 975 Lycealbibliothek
1668 931 1762 973 (Aus
1791 931 1877 963 ‹lem

37 976 222 1021 Anzeiger
248 976 317 1010 der
342 975 557 1020 philosoph.
586 996 628 1000 —
655 976 738 1010 hist.
767 976 819 1011 Cl.
851 978 952 1016 1899,
981 976 1021 1010 N.
1051 976 1154 1020 XX),
1184 979 1237 1009 12.

524 1145 612 1186 151.
645 1132 743 1174 XV
765 1146 810 1180 s.,
842 1132 1127 1174 Modruscz‘en.
1160 1133 1231 1174 vel
1259 1132 1439 1186 Segnen.

178 1228 352 1269 Missale
404 1228 730 1282 Glagoliticum,
781 1230 822 1268 in
868 1229 1140 1269 Bibliotheca
1191 1229 1368 1280 Lyceali
1421 1229 1662 1270 Labacensi
1708 1229 1880 1272 Collec-

35 1301 153 1341 tione
187 1301 308 1340 Zoiss
341 1300 392 1341 N.
428 1301 511 1341 164
543 1307 824 1349 asservatum,
875 1302 917 1340 in
951 1302 1072 1340 terris
1119 1299 1349 1342 Croaticis-
1373 1301 1636 1342 Litoralibus
1689 1303 1880 1342 conscri-

35 1372 150 1411 bitur

177 1442 201 1482 Ι,
230 1440 370 1481 Bercic‘,
398 1441 494 1476 Dvie
519 1441 646 1475 sluibe
673 1452 725 1475 sv.
754 1432 866 1477 C'irila
892 1441 901 1474 i
930 1441 1085 1475 Metuda
1111 1441 1266 1487 Zagreb,
1291 1444 1390 1475 1870.
1408 1445 1469 1482 24;
1492 1441 1611 1487 Jagic',
1640 1442 1708 1476 Ein
1737 1441 1880 1477 fiinfter

34 1488 375 1533 bibliographicher
395 1489 555 1533 Beitrag.
585 1488 732 1523 Slavica
759 1488 826 1522 der
853 1489 1061 1523 Laibacher
1083 1489 1433 1534 Lycealbibliothek
1459 1489 1552 1535 (Aus
1579 1490 1666 1524 dem
1695 1490 1881 1536 Anzeiger

34 1537 102 1570 dei·
128 1535 261 1580 philos.
290 1555 332 1560 —
359 1537 446 1571 hist.
474 1536 528 1572 Cl.
555 1539 659 1578 1898,
687 1536 729 1571 N.
756 1535 860 1580 XX),
887 1540 942 1571 12.

489 1706 579 1746 152.
613 1693 710 1734 XV
734 1707 778 1740 s.,
812 1688 991 1748 (Vis'nja
1032 1693 1162 1747 Gora)
1195 1693 1434 1747 Aquz'lejen.

175 1790 434 1831 Breviarium
472 1789 784 1842 Glagoliticum
831 1791 871 1829 in
906 1790 1010 1830 folio
1046 1804 1192 1842 parvo,
1238 1791 1361 1830 cuius
1394 1797 1599 1844 quattuor
1633 1790 1878 1844 fragmenta

34 1868 200 1913 partem
236 1861 368 1902 officii
403 1861 726 1901 Hebdomadae
770 1861 944 1901 Maioris
978 1863 1258 1910 continentia,
1291 1864 1331 1901 in
1365 1862 1540 1902 archivo
1573 1862 1727 1915 Visnja
1762 1861 1882 1903 Gora

36 1934 76 1972 in
101 1933 298 1973 districtu
320 1932 586 1982 Rudolfovo,
606 1933 873 1973 Labacensis
895 1934 1156 1973 dioeceseos
1177 1934 1410 1973 adinventa
1431 1940 1544 1982 sunt,
1577 1935 1880 1974 conscribitur.

175 2013 407 2049 Bibliotheca
432 2013 605 2059 Lycealis
650 2014 880 2048 Labacensis
909 2015 950 2049 N.
997 2018 1028 2054 2,
1056 2018 1088 2055 3,
1116 2026 1150 2055 α,
1177 2018 1210 2055 β,
1237 2015 1277 2048 In
1304 2015 1459 2059 singulis
1495 2014 1714 2060 fragmentis
1740 2025 1881 2048 nomen

4 2039 5 2089 l
36 2063 212 2096 »Konrad
241 2055 473 2107 Crnologan
502 2062 704 2096 recentiori
731 2061 850 2096 forma
877 2063 1102 2097 adnotatum
1130 2068 1197 2097 est.

659 2231 749 2272 153.
781 2218 879 2260 XV
902 2233 946 2267 s.,
989 2218 1280 2272 Tergestz'n(}>).

175 2315 434 2355 Breviarium
471 2315 796 2369 Glagoliticum,
830 2316 952 2355 euius
987 2315 1077 2355 duo
1105 2315 1206 2355 folia
1241 2318 1281 2355 in
1316 2315 1430 2365 IV.o,
1463 2323 1633 2368 praeter
1665 2316 1876 2356 Rubi-icas

35 2388 149 2427 initia
200 2387 460 2427 Lectionum
512 2387 568 2427 de
613 2387 747 2427 Libro
781 2386 950 2427 Tobiae
1002 2394 1044 2427 et
1072 2387 1155 2440 job
1200 2388 1482 2436 continentia,
1515 2389 1556 2427 in
1609 2387 1880 2428 Bibliotheca

33 2457 207 2509 Lyceali
241 2458 483 2499 Labacensi
517 2466 772 2507 asservatur,
804 2460 846 2498 in
881 2458 999 2498 Istria
1052 2459 1315 2499 occidentali
1349 2459 1634 2510 probabilius,
1688 2460 1879 2499 conscri-

34 2529 158 2569 bitur.

174 2598 405 2633 Bibliotheca
430 2599 602 2645 Lycealis
647 2599 886 2638 Labacensis,
914 2599 995 2633 sine
1028 2609 1198 2633 numero.
1231 2600 1288 2633 Ex
1334 2599 1580 2643 inscriptione
1611 2599 1814 2633 ›Prediche
1841 2599 1877 2632 di

35 2645 276 2690 I’urgatorio‹
305 2646 556 2692 fragmentum
600 2647 672 2681 hoc
700 2657 769 2690 pro
796 2648 908 2681 theca
952 2646 1188 2681 collectionis
1216 2647 1496 2690 manuscriptae
1542 2647 1629 2680 inde
1656 2657 1677 2681 a
1704 2647 1820 2681 XVII.
1848 2658 1875 2680 S.

33 2693 235 2727 adhibitam
264 2693 395 2736 fuisse;
424 2699 461 2728 et
486 2695 559 2729 hoc
589 2695 625 2728 in
665 2695 788 2739 aliqua
815 2695 1002 2738 parochia,
1025 2695 1088 2728 ubi
1115 2700 1205 2729 tunc
1251 2695 1435 2738 temporis
1475 2699 1626 2729 curator
1671 2694 1875 2728 animarum

34 2740 193 2775 italicam
221 2742 383 2787 linguam
411 2742 580 2777 callebat.

528 2887 620 2928 154.
653 2874 750 2915 XV
773 2888 819 2921 s.,
854 2874 1115 2930 (Radoljica)
1148 2873 1382 2927 Aquz'lejen.

177 2956 449 3007 Breviarium,
499 2960 621 2999 cuius
675 2959 967 3011 fragmentum
1002 2959 1225 2999 homiliam
1280 2957 1323 3000 S.
1358 2958 1615 3010 Hieronymi
1670 2965 1711 2997 et
1744 2955 1876 2997 Com-

36 3039 166 3067 mune
200 3027 517 3080 Apostolorum
552 3032 798 3080 continens,
854 3030 1071 3082 parochus
1106 3030 1368 3070 Laurentius
1419 3030 1560 3070 Pintar
1593 3027 1635 3082 (ἢ
1673 3027 1800 3081 1874)
1836 3030 1875 3068 in
