2191 3434
685 180 1213 224 Glagolito-romanae
1240 181 1328 215 XIV
1353 192 1380 215 s.
1928 186 1970 217 11

131 326 373 380 Spalatensi
397 326 569 366 detecta
592 339 691 366 cum
715 327 876 366 Ioanne
909 326 1059 367 Bercic
1081 328 1437 377 communicavit,
1470 341 1493 367 a
1528 326 1708 368 Cosimo
1744 328 1972 368 Policiensi

130 398 290 438 clerico
322 410 374 438 ac
408 397 596 438 diacono
630 399 808 450 suisque
842 400 1049 450 expensis
1084 399 1379 439 conscribitur.

271 477 298 512 Ι.
326 476 445 519 Βῐόἰό,
472 478 554 512 Rad
577 478 718 524 Jugosl.
746 479 865 514 Akad.
893 483 936 513 41
964 478 1011 513 X.
1039 478 1178 523 (1881),
1206 480 1284 513 160.

796 648 867 689 35.
899 647 1009 689 1450
1042 649 1085 683 c.,
1123 635 1302 684 Jadrae.

270 731 594 771 Lectionarium
643 732 865 785 Jadrense‚
907 732 1039 784 vulgo
1091 732 1465 786 »Evangeliarium
1508 734 1789 781 croaticurm,
1832 733 1967 772 Evan-

126 803 252 856 gelia,
284 803 503 854 Epistolas
536 810 577 842 et
610 804 793 843 Ritualia
826 817 883 843 ex
915 802 1077 843 Missali
1120 810 1329 855 excerpta
1368 801 1516 857 (vulgo
1552 802 1820 856 Schiavetto)
1869 817 1973 844 con-

126 876 280 924 tinens,
323 875 470 927 lingua
515 875 676 927 vulgari
728 876 917 914 croatica
967 875 1116 914 litteris
1167 888 1269 914 vero
1321 875 1506 928 gothicis
1552 888 1631 927 pro
1666 874 1894 916 Conventu
1929 875 1971 915 S.

126 946 347 988 Francisci
376 945 558 999 Jaderae
592 947 891 986 conscribitur,

174 1074 185 1108 l
211 1074 240 1109 C
268 1027 317 1061 M.
343 1026 513 1068 Resetar,
540 1027 716 1062 Zadarski
756 1028 765 1061 i
800 1027 974 1072 Ranjinin
1002 1027 1225 1068 Lekcionar,
1253 1027 1395 1073 Zagreb
1423 1031 1526 1069 1894,
1553 1028 1597 1062 V.
1613 1039 1660 1061 ss.
1688 1028 1969 1062 Lectionarium

125 1085 172 1108 ve
244 1085 361 1109 omes.

544 1199 622 1247 36.
655 1208 774 1249 1451,
806 1209 842 1237 2.
876 1195 1146 1250 Septembris,
1181 1197 1338 1237 Bescae
1380 1196 1544 1248 Veglen.

267 1291 466 1332 Vicarius
499 1291 541 1332 S.
574 1292 734 1332 Mariae
767 1292 1080 1346 Zagabriensis,
1125 1299 1167 1332 et
1213 1292 1420 1332 Visitator
1464 1291 1725 1333 Slovenicus
1757 1306 1808 1332 ac
1842 1292 1972 1334 Croa-

125 1364 237 1403 ticus
269 1363 446 1404 Ordinis
480 1363 522 1404 S.
556 1364 673 1404 Pauli
707 1364 1026 1405 Heremitarum
1062 1364 1236 1417 regulae
1271 1362 1312 1404 S.
1347 1363 1580 1417 Augustini
1617 1364 1699 1404 una
1733 1377 1830 1404 cum
1856 1365 1971 1415 capi-

125 1434 216 1474 tulo
251 1435 451 1475 eiusdem
485 1435 737 1475 Provinciae
771 1437 813 1475 in
847 1437 1112 1475 monasterio
1156 1434 1198 1475 S.
1233 1435 1468 1476 Salvatoris
1521 1436 1684 1476 Bescae
1737 1436 1970 1489 Veglensis

125 1506 386 1546 dioeceseos
408 1506 669 1555 coadunato,
690 1507 850 1547 litteras
873 1514 1070 1559 patentes
1092 1507 1413 1547 characteribus
1428 1506 1687 1561 glagoliticis
1703 1509 1973 1560 conscriptas

126 1576 182 1617 de
215 1579 536 1630 permutatione
571 1586 777 1618 terrarum
813 1578 1000 1618 conficit.

269 1650 430 1700 Surmin‚
457 1660 553 1694 Acta
580 1660 744 1694 croatica
771 1658 799 1701 1,
825 1660 1029 1705 Zagrabiae
1056 1662 1158 1701 1898,
1186 1662 1264 1696 191.

686 1827 757 1870 37.
790 1829 909 1871 [45],
940 1816 1121 1870 Boljuni
1157 1817 1389 1869 Tergestz'n.

268 1910 484 1954 Chronica
534 1912 792 1964 parochialis
842 1913 1013 1966 Boljuni
1064 1914 1262 1954 Polensis
1314 1913 1586 1963 dioeceseos,
1649 1915 1772 1955 cuius
1823 1914 1970 1955 codex

126 1984 345 2037 originalis
390 1985 432 2023 in
485 1984 667 2024 Musaeo
720 1984 996 2038 Zagabriensi
1038 1993 1291 2034 asservatur,
1337 1985 1658 2026 characteribus
1711 1986 1970 2039 g'lagoliticis

126 2056 343 2095 conscribi
377 2055 586 2104 incoatur,
619 2063 661 2095 et
694 2069 834 2108 usque
868 2056 923 2095 ad
961 2056 1072 2097 1622
1105 2069 1267 2096 annum
1302 2057 1566 2109 perducitur.

266 2137 310 2170 A.
336 2135 484 2177 modic,
511 2136 702 2171 Slavische
729 2137 896 2181 Sprache
923 2137 1000 2171 und
1020 2137 1227 2171 Litteratur
1254 2138 1304 2180 (in
1333 2137 1501 2181 Istrien);
1531 2137 1704 2182 in‘opere
1725 2139 1795 2172 Die
1815 2139 1969 2174 Oestcr-

126 2183 334 2218 reichische
362 2184 580 2218 Monarchie
607 2185 643 2218 in
669 2185 779 2219 Wort
807 2185 883 2219 und
910 2185 1001 2227 Bild,
1028 2185 1094 2219 Bd.
1122 2185 1370 2226 Kustenland‚
1398 2188 1477 2220 242.

663 2343 730 2393 38
762 2343 1059 2396 1448--1451,
1100 2342 1217 2383 Tkon
1254 2342 1434 2390 Jadren.

266 2438 438 2479 Marcus
471 2438 612 2478 Barbo
645 2437 842 2478 Venetus
876 2443 1011 2490 patria
1044 2438 1429 2490 prothonotharius
1461 2439 1749 2491 Apostolicus
1798 2447 1840 2479 et
1891 2441 1965 2479 ab·

125 2510 203 2550 bas
236 2510 587 2550 comendatarius
621 2508 698 2550 SS.
733 2508 920 2551 Cosmae
954 2517 996 2550 et
1029 2509 1228 2550 Damiani
1262 2510 1312 2551 O.
1357 2508 1400 2550 S.
1445 2510 1670 2550 Benedicti
1724 2512 1763 2550 in
1817 2518 1967 2551 monte

126 2579 350 2621 Tkonensi
379 2581 597 2635 jadrensis
631 2581 903 2630 dioeceseos,
937 2582 1110 2621 moenia
1161 2581 1359 2621 eiusdem
1393 2583 1594 2622 abbatiae
1627 2583 1715 2621 suis
1760 2584 1968 2634 expensis

124 2652 323 2693 absoluta
356 2653 635 2705 inscriptione
669 2653 917 2706 glagolitica
951 2666 1034 2692 una
1068 2666 1168 2692 curn
1202 2660 1433 2693 stemmate
1467 2666 1547 2693 suo
1569 2660 1720 2705 portae
1761 2655 1968 2702 immissa,

127 2725 364 2764 memoriae
398 2724 665 2764 comendare
698 2725 830 2764 iussit.

125 2850 174 2885 HI
214 2803 467 2896 (18523'15356’
494 2804 665 2839 Tkonski
692 2809 883 2839 samostan
912 2805 947 2839 in
975 2806 1219 2848 ephemeride
1251 2805 1423 2840 Viestnik
1462 2806 1541 2839 hrv.
1581 2805 1720 2839 arhcol.
1760 2805 1813 2839 dr.
1853 2805 1892 2838 N.
1938 2806 1963 2839 S

655 2985 731 3024 39.
766 2985 886 3026 1452,
918 2973 1129 3026 Foljanae
1167 2972 1409 3015 corbavien.

273 3066 501 3118 Presbyter
558 3067 741 3109 Michael
800 3068 977 3109 Antonii
1037 3068 1160 3109 Buric':
1219 3069 1341 3118 filius,
1404 3069 1605 3123 Poljanac
1659 3068 1962 3109 Corbaviensis
