2191 3434
587 311 1354 355 Glagolito·RomananlX.s.
1745 317 1790 352 93

64 458 182 498 ribus
217 457 473 508 glagoliticis
507 458 587 496 sint
621 457 765 496 excusi
800 460 926 507 atque
961 459 1012 498 ab
1047 459 1197 509 Apost.
1233 459 1344 499 Sede
1378 462 1584 511 recogniti
1620 465 1658 501 et
1692 462 1846 511 adpro-

66 517 167 557 bati:
215 517 281 556 alii
329 517 592 566 quicumque
637 517 729 555 libri
777 517 971 567 liturgici,
1015 519 1081 557 vel
1128 519 1209 558 alio
1250 520 1445 569 impressi
1481 520 1735 568 charactere,
1779 521 1846 561 vel

65 577 228 627 absque
263 575 575 626 adprobatione
609 575 784 615 Sanctae
819 575 942 616 Sedis
975 578 1085 617 vetiti
1120 579 1299 617 omnino
1334 580 1413 618 sint
1447 582 1486 619 et
1519 580 1737 620 interdicti.

206 648 270 688 IV.
306 647 581 697 Ubicumque
617 648 806 698 populus
841 649 1051 688 sacerdoti
1077 649 1305 688 celebranti
1331 650 1596 700 respondere
1631 651 1752 698 solet,
1781 654 1850 690 aut

67 707 277 748 nonnulas
312 707 468 746 Missae
503 710 640 757 partes
675 719 848 752 canere,
893 707 933 746 id
982 707 1102 747 etiam
1138 709 1306 748 nonnisi
1347 710 1491 759 lingua
1526 710 1846 759 palaeoslavica,

66 769 106 807 in
140 765 332 806 ecclesiis
381 767 653 817 privilegiatis
696 766 785 806 fieri
831 765 984 807 licebit.
1039 767 1171 818 quue
1220 773 1261 807 ut
1306 768 1468 808 facilius
1505 768 1651 808 evadat
1695 770 1849 820 poterit

67 826 321 867 Ordinarius
354 825 556 865 fidelibus
598 826 810 865 exclusive
858 827 1098 876 permittere
1144 840 1268 867 usum
1318 829 1526 868 manualis
1573 829 1666 868 libri
1714 829 1850 868 latinis

65 886 378 926 characteribus
414 886 513 925 loco
549 886 895 936 glagoliticorum
932 887 1096 927 exarati.

208 957 255 997 V.
291 957 332 996 In
367 957 562 1007 praefatis
598 957 790 996 ecclesiis
835 969 944 1007 quae
979 959 1265 998 concessione
1300 959 1469 1009 linguae
1513 960 1850 1010 palaeoslavicae

65 1016 350 1056 indubitanter
382 1016 587 1067 fruuntur,
624 1017 782 1057 Rituale
817 1018 974 1056 slavico
1019 1017 1219 1057 idiomate
1255 1019 1510 1068 impressum
1546 1019 1736 1058 adhiberi
1772 1031 1849 1069 po-

66 1077 156 1117 terit
180 1077 220 1115 in
245 1080 607 1115 sacramentorum
631 1079 670 1115 et
692 1075 1057 1116 sacramentalium
1081 1077 1455 1126 administratione,
1478 1078 1718 1118 dummodo
1743 1078 1846 1117 illud

22 1174 23 1181 ,
66 1136 188 1176 fuerit
220 1136 271 1175 ab
306 1135 470 1186 Ap.lica
505 1135 616 1175 Sede
650 1137 921 1186 recognitum
957 1140 995 1177 et
1029 1138 1268 1187 probatum.

209 1208 272 1247 VI.
309 1206 470 1246 Sedulo
506 1210 653 1246 curent
686 1208 887 1258 Episcopi
924 1209 962 1247 in
997 1209 1085 1247 suis
1120 1207 1364 1249 Seminariis
1389 1209 1574 1248 studium
1611 1210 1850 1260 provehere

66 1279 163 1307 cum
186 1267 334 1306 latinae
357 1267 541 1317 linguae,
575 1270 661 1305 tum
697 1267 1048 1316 palaeoslavicae,
1084 1269 1134 1307 ita
1159 1272 1201 1307 ut
1223 1270 1379 1319 cuique
1402 1269 1591 1308 dioecesi
1620 1270 1847 1309 necessarii

67 1326 312 1367 sacerdotes
347 1330 516 1377 praesto
551 1327 631 1365 sint
664 1327 715 1365 ad
752 1328 1030 1367 ministerium
1066 1328 1105 1367 in
1141 1332 1323 1378 utroque
1359 1328 1572 1369 idiomate.

209 1398 287 1438 Vll.
323 1399 638 1448 Episcoporum
684 1398 871 1437 officium
919 1400 1005 1446 erit,
1049 1402 1142 1438 ante
1185 1399 1511 1439 Ordinationem
1556 1412 1731 1448 sacram,
1777 1399 1847 1438 de-

19 1483 21 1491 ·
66 1458 234 1508 signare
266 1458 447 1497 clericos
468 1459 538 1508 qui
564 1458 699 1497 latinis
733 1458 797 1497 vel
834 1459 1155 1508 palaeoslavicis
1177 1460 1370 1498 ecclesiis
1394 1459 1665 1506 destinentur,
1702 1460 1850 1509 explo-

67 1521 150 1557 rata
183 1518 223 1556 in
257 1520 524 1557 antecessum
561 1518 959 1568 promovendorum
994 1519 1206 1558 voluntate
1233 1523 1270 1558 et
1293 1519 1590 1569 dispositione,
1627 1520 1703 1558 nisi
1734 1519 1847 1558 aliud

19 1592 21 1599 ⁴
69 1577 205 1627 exigat
239 1577 446 1616 ecclesiae
480 1578 727 1617 neccesitas.

209 1648 304 1688 Vlll.
341 1647 380 1687 Si
428 1649 522 1697 quis
569 1648 796 1696 sacerdos,
844 1648 1039 1688 addictus
1086 1650 1292 1689 ecclesiae
1336 1650 1408 1689 ubi
1456 1650 1577 1689 latina
1626 1649 1854 1689 adhibetur

69 1708 225 1758 lingua,
261 1708 374 1747 alteri
410 1708 565 1748 debeat
610 1708 817 1748 ecclesiae
859 1709 1073 1757 inservire,
1119 1721 1227 1759 quae
1262 1710 1560 1760 palaeoslavici
1594 1709 1741 1748 fruitur
1773 1709 1848 1748 idi-

69 1768 218 1807 omatis
253 1768 492 1818 privilegio,
539 1768 712 1807 Missam
759 1769 998 1808 solemnem
1045 1769 1101 1808 ibi
1145 1769 1377 1817 celebrare,
1426 1770 1653 1819 l-lorasque
1698 1781 1852 1808 canere

68 1827 277 1867 tenebitur
310 1828 454 1878 lingua
489 1828 818 1877 palaeoslavica3
855 1831 1032 1867 attamen
1067 1829 1122 1867 illi
1156 1828 1216 1868 fas
1252 1830 1325 1868 erit
1359 1830 1546 1878 privatim
1573 1828 1696 1867 Sacra
1732 1840 1853 1878 pera·

72 1898 172 1937 gere
207 1890 244 1926 et
278 1887 418 1926 Horas
452 1888 680 1927 canonicas
715 1888 961 1937 persolvere
996 1888 1119 1927 latina
1153 1888 1309 1938 lingua.

212 1957 326 1998 Idem
359 1959 543 1998 vicissim
579 1958 741 1998 dicatur
775 1959 828 1998 de
863 1959 1099 2007 sacerdote,
1136 1960 1436 2009 palaeoslavici
1470 1959 1680 1998 idiomatis
1715 1959 1850 1998 eccle-

11 2029 17 2077 γζ
71 2018 155 2057 siae
189 2018 419 2068 adscripto,
455 2019 521 2057 cui
554 2018 661 2057 forte
696 2019 844 2058 latinae
880 2019 1087 2058 ecclesiae
1122 2019 1335 2058 deservire
1369 2019 1604 2069 contigerit.

213 2090 276 2129 IX.
312 2090 471 2129 Licebit
505 2091 657 2140 pariter
702 2090 998 2130 sacerdotibus
1046 2091 1155 2130 latini
1191 2091 1351 2141 eloquii
1386 2091 1592 2129 ecclesiae
1628 2090 1853 2140 inscriptis,

73 2149 112 2188 in
146 2147 280 2189 aliena
315 2147 495 2189 ecclesia
531 2162 640 2200 quae
675 2151 898 2200 privilegio
924 2151 1093 2200 linguae
1117 2151 1452 2200 palaeoslavicae
1478 2151 1652 2200 potitur,
1679 2150 1850 2188 Missam

16 2202 17 2205 ¹
74 2209 272 2258 privatam
307 2208 524 2248 celebrare
559 2209 687 2248 latino
723 2208 936 2249 idiomate.
964 2210 1157 2249 Vicissim
1193 2210 1452 2257 sacerdotes,
1478 2210 1648 2260 linguae
1682 2209 1851 2259 palaeo-

73 2268 250 2307 slavicae
298 2269 490 2307 ecclesiis
534 2268 702 2314 addicti,
739 2269 894 2308 eodem
931 2269 1131 2308 idiomate
1165 2268 1339 2308 Sacrum
1381 2270 1568 2320 privatim
1603 2268 1741 2307 facere
1776 2280 1856 2318 po-

71 2330 206 2367 terunt
231 2328 270 2366 in
295 2328 489 2368 ecclesiis
524 2328 595 2367 ubi
631 2328 752 2367 latina
788 2329 932 2379 lingua
967 2328 1204 2368 adhibetur.

214 2399 262 2438 X.
299 2399 381 2439 Ubi
416 2411 519 2438 usus
553 2400 737 2447 invaluit,
774 2400 813 2438 in
848 2400 978 2439 Missa
1019 2400 1200 2439 solemni
1236 2400 1464 2450 Epistolam
1507 2403 1545 2439 et
1577 2399 1852 2449 Evangelium

74 2458 225 2497 slavice
260 2458 455 2506 canendi,
490 2462 588 2508 post
621 2459 858 2498 eorundem
895 2463 1061 2499 cantum
1086 2460 1213 2499 latino
1245 2460 1451 2499 ecclesiae
1486 2459 1618 2508 ipsius
1653 2459 1855 2497 idiomate

74 2517 331 2565 absolutum,
383 2518 631 2568 hujusmodi
687 2519 825 2568 praxis
878 2520 1032 2558 servari
1086 2520 1257 2569 poterit,
1316 2518 1556 2557 dummodo
1604 2518 1857 2557 adhibeatur

74 2576 215 2627 lingua
251 2577 574 2627 palaeoslavica.
609 2578 649 2616 ln
685 2579 827 2617 Missis
852 2582 989 2617 autem
1025 2578 1343 2629 parochialibus
1377 2578 1437 2617 fas
1472 2578 1558 2626 erit,
1595 2581 1691 2627 post
1725 2578 1853 2615 Evan-

75 2636 170 2686 gelii
223 2637 536 2685 recitationem,
589 2637 693 2676 illud
744 2638 968 2688 perlegere
1017 2638 1177 2688 vulgari
1228 2637 1448 2685 idiomate,
1496 2636 1547 2675 ad
1598 2636 1851 2686 pastoralem

73 2693 266 2735 fidelium
301 2697 634 2736 instructionem.

214 2767 278 2806 XI.
314 2766 354 2806 Si
400 2767 520 2815 forte,
565 2768 603 2806 in
638 2769 850 2818 paroeciis
897 2780 1006 2818 quae
1055 2766 1242 2817 linguam
1286 2767 1442 2806 habent
1488 2764 1856 2817 palaeoslavicam,

76 2825 226 2875 aliquis
261 2838 282 2865 e
315 2824 516 2866 fidelibus
550 2825 717 2877 prolem
758 2831 904 2866 renuat
943 2840 1065 2867 sacro
1107 2828 1252 2866 sistere
1289 2827 1390 2865 fonti
1425 2827 1502 2865 nisi
1538 2824 1682 2867 Rituali
1728 2823 1853 2863 latino

10 2920 15 2946 ᾧ
77 2883 309 2935 baptismus
343 2886 604 2934 conferatur3
648 2884 713 2925 vel
749 2887 782 2925 si
817 2888 887 2936 qui
933 2887 1244 2925 matrimonium
1292 2889 1488 2924 recusent
1521 2883 1735 2923 celebrare
1777 2884 1854 2921 nisi

6 2942 15 2966 ’-
75 2939 196 2983 latina
229 2942 372 2994 lingua
406 2957 524 2984 sacer
570 2943 810 2985 absolvatur
854 2947 967 2993 ritus,
1004 2945 1220 2984 Parochus
1264 2949 1506 2994 opportune
1542 2942 1635 2982 illos
1671 2944 1855 2985 instruat,

9 3022 13 3044 ,-
78 3007 352 3053 moneatque3
387 3008 426 3043 et
458 3005 491 3043 si
526 3004 667 3044 adhuc
701 3005 739 3043 in
775 3006 946 3054 propria
981 3005 1181 3043 sententia
1216 3004 1450 3053 persistant,
1483 3003 1751 3052 baptismum,
1787 3004 1854 3039 aut

77 3059 420 3102 benedictionem
455 3061 684 3113 nuptialem
720 3065 909 3114 privatim
945 3062 1065 3102 latina
1100 3061 1242 3112 lingua
1277 3063 1489 3100 ministret.

7 3168 13 3189 ,-
216 3133 412 3173 Vicissim
437 3137 595 3183 agatur,
631 3135 670 3173 in
696 3135 894 3184 paroecia
919 3132 1065 3173 latinae
1091 3131 1273 3182 linguae,
1297 3133 1328 3171 si
1355 3133 1449 3181 quis
1473 3129 1629 3170 slavico
1656 3130 1855 3168 idiomate

75 3190 175 3231 ritus
209 3192 450 3242 praedictos
485 3194 660 3232 omnino
696 3194 842 3243 peragi
876 3191 1062 3232 similiter
1095 3193 1243 3241 exigat.
