2243 3444
372 151 415 184 '26
1053 146 1239 184 Fontes
1283 146 1526 196 liturgiae

511 306 802 360 Congregatio
837 307 1060 347 Generalis
1115 307 1166 346 19
1214 305 1402 359 Augusti
1449 306 1552 345 hora
1590 307 1771 347 12—-15,
1817 331 1875 336 —
1906 331 1964 336 —
2008 306 2207 349 Calamo-

370 368 515 406 nensis
549 365 819 419 (episcopus)
854 389 909 393 —
942 389 997 393 —
1031 365 1231 406 Canones
1265 367 1437 416 placent
1470 378 1571 405 cum
1615 368 1772 406 notatis
1821 366 2208 418 Hierosolymitani

372 433 413 465 et
445 425 602 465 Veneti
636 427 747 464 circa
780 425 997 474 ordinem3
1031 437 1174 477 neque
1207 424 1446 463 damnandi
1479 432 1578 464 sunt
1612 427 1684 477 qui
1717 426 1801 465 alta
1835 439 1944 466 voce
1989 439 2205 466 canonem

373 485 604 536 proferent,
637 485 703 524 vel
737 486 913 523 missam
946 485 1091 536 lingua
1124 484 1285 535 vulgari
1320 484 1599 523 celebrarent.

512 542 803 596 Congregatio
837 542 1063 584 Generalis
1096 543 1146 581 21
1185 541 1385 594 Augusti,
1416 542 1522 582 hora
1557 544 1739 583 12—15.
1772 567 1830 573 —
1858 543 2206 595 ——Asaphensis

370 601 638 656 (episcopus)
672 626 728 631 —
760 625 816 629 —
847 601 1001 653 Neque
1035 603 1140 641 ratio
1174 601 1230 641 de
1262 602 1407 654 lingua
1427 602 1590 655 vulgari
1613 603 1861 643 damnanda
1881 604 2052 643 videtur
2071 603 2206 644 bona:
2240 639 2243 642 .

370 670 412 701 et
444 663 513 710 ibi,
545 674 634 701 non
667 662 829 701 debent
861 663 1007 701 omnia
1028 661 1219 712 intelligi,
1242 661 1410 701 videtur
1443 661 1598 700 falsum
1633 663 1732 714 quia
1765 663 1988 715 evangelia
2008 668 2051 702 et
2071 663 2209 703 multa
2240 698 2243 701 .

371 722 450 761 alia
483 721 647 760 debent
679 735 702 760 a
735 721 900 772 populo
935 719 1126 772 intelligi.

511 778 802 832 Congregatio
836 779 1060 820 Generalis
1094 779 1150 818 24
1182 778 1382 831 Augusti,
1411 779 1516 819 hora
1537 780 1723 820 20—23.
1743 803 1872 809 ——
1893 780 2206 821 Nemausensis

369 837 638 892 (episcopus)
671 862 728 867 ——
759 862 816 867 —
849 838 1000 879 Canon
1044 838 1094 877 X.
1135 851 1224 877 non
1266 846 1331 878 est
1362 838 1634 879 anathemate
1668 839 1929 880 damnadus:
1975 848 2018 879 et
2059 841 2206 891 expri-
2240 868 2243 874 .

371 906 521 947 matur,
554 899 675 950 quod
709 900 838 937 missa
870 898 962 937 sola
995 897 1139 950 lingua
1171 898 1299 937 latina
1333 898 1594 938 celebranda
1626 900 1691 947 sit,
1724 900 1977 950 praesertim
1998 900 2040 938 in
2077 899 2208 948 Italia,

373 958 523 1005 Gallia,
555 957 775 1008 Hispania.

511 1017 745 1056 Brixiensis
790 1013 1059 1069 (episcopus)
1092 1038 1150 1043 —
1184 1039 1237 1044 -
1282 1017 1323 1055 in
1366 1016 1436 1056 IV.
1479 1029 1578 1055 cum
1612 1016 1700 1056 fide
1733 1017 1912 1066 dicatur,
1945 1030 2046 1057 cum
2079 1018 2206 1070 signo

370 1075 489 1124 fidei;
523 1083 564 1115 et
596 1077 795 1123 rationes,
829 1088 940 1127 quae
973 1075 1251 1115 adducuntur
1295 1088 1374 1127 pro
1418 1076 1564 1129 lingua
1606 1076 1735 1116 latina
1769 1083 1850 1147 etc.
1883 1089 1973 1116 non
2005 1076 2209 1116 videntur

372 1137 527 1183 bonae,
560 1135 738 1183 dicatur,
766 1134 892 1187 justis
925 1135 980 1174 de
1014 1136 1165 1174 causis.

511 1193 835 1247 Calaguritanus
869 1191 1139 1246 (episcopus)
1174 1217 1228 1223 —
1260 1206 1333 1243 —;
1385 1202 1426 1234 et
1469 1195 1508 1233 in
1544 1193 1604 1234 IV
1638 1196 1778 1246 capite
1811 1195 1867 1235 de
1899 1195 2045 1249 lingua
2078 1195 2210 1235 latina
2242 1224 2243 1229 η

372 1262 413 1293 et
446 1255 661 1293 submissa
694 1266 815 1300 voce,
849 1253 1002 1293 melius
1036 1253 1347 1293 consideretur.
2241 1254 2243 1258 ⁴

512 1311 572 1365 D)
606 1312 813 1352 Doctrina
847 1319 889 1352 et
921 1311 1123 1353 Canones
1157 1313 1213 1352 de
1246 1311 1468 1353 Sacrificio
1501 1313 1662 1353 Missae
1696 1313 1918 1354 reformati
1950 1313 2074 1366 juxta
2107 1326 2211 1353 cen·
2242 1361 2243 1367 ¹

371 1385 490 1411 suras
523 1378 705 1423 patrum,
738 1378 779 1411 et
812 1373 1035 1423 proposita
1082 1374 1236 1412 iterum
1283 1372 1574 1412 examinanda
1607 1372 1678 1412 die
1714 1372 1740 1413 5
1775 1371 2048 1425 Septembris
2084 1371 2210 1423 1562,

374 1438 415 1470 et
449 1438 605 1482 coepta
638 1432 875 1470 examinari
910 1431 980 1470 die
1014 1431 1051 1470 7.

513 1490 719 1530 Doctrina
761 1490 817 1530 de
863 1488 1085 1530 Sacrificio
1119 1490 1287 1530 Missae.
1323 1491 1616 1530 Prooemium.
1649 1513 1705 1519 —-
1737 1514 1794 1520 —
1826 1490 1928 1542 Cap.
1973 1491 2084 1531 VIII.
2116 1490 2208 1531 Etsi

371 1549 501 1589 Missa
534 1561 736 1602 magnam
771 1551 988 1589 contineat
1021 1550 1196 1601 populis
1216 1549 1333 1589 fidel-i
1367 1550 1671 1599 eruditionem,
1703 1563 1793 1590 non
1829 1557 1976 1590 tamen
1997 1550 2210 1602 expedire

372 1611 510 1648 visum
527 1615 591 1648 est
607 1610 811 1660 patribus,
827 1616 872 1648 ut
886 1609 1048 1662 vulgari
1064 1622 1090 1660 p
1102 1610 1259 1649 assim
1274 1609 1420 1662 lingua
1436 1610 1735 1649 celebraretur.
1758 1609 1797 1661 Q
1811 1623 1868 1650 ua
1880 1622 1923 1649 m
1935 1611 2028 1650 obr
2040 1622 2131 1658 em,
2145 1623 2210 1649 re-

373 1676 523 1708 tento
541 1669 742 1720 ubique
765 1669 1038 1721 cujusque
1058 1668 1321 1708 ecclesiae
1337 1670 1566 1721 antiquo,
1589 1676 1636 1709 et
1656 1683 1680 1708 a
1702 1667 2002 1709 S.Romana
2021 1668 2210 1709 Eccle-

373 1729 445 1767 sia
466 1728 684 1778 probato
706 1728 815 1774 ritu,
829 1740 883 1766 ne
901 1740 1004 1767 oves
1021 1726 1176 1768 Christi
1192 1729 1391 1775 esuriant,
1409 1741 1460 1768 ne
1476 1728 1639 1779 parvuli
1652 1741 1811 1780 panem
1825 1734 1976 1780 petant
1990 1735 2037 1777 et
2051 1740 2139 1768 non
2153 1729 2208 1768 sit

372 1788 443 1838 qui
478 1786 643 1839 frangat
676 1788 748 1835 eis,
781 1787 957 1826 mandat
990 1786 1032 1827 S.
1066 1785 1275 1838 Synodus
1308 1789 1555 1838 pastoribus
1597 1810 1653 1816 —-
1686 1811 1742 1817 —
1773 1810 1830 1817 —-
1863 1795 1908 1827 ut
1953 1787 2226 1840 frequenter>

373 1848 480 1885 inter
513 1847 740 1885 missarum
774 1846 1113 1886 celebrationem
1147 1860 1203 1886 ex
1236 1846 1313 1895 his,
1364 1860 1477 1899 quae
1510 1848 1552 1886 in
1603 1848 1735 1887 missa
1785 1847 1997 1900 leguntur,
2042 1846 2207 1900 aliquid

374 1912 607 1956 exponant,
640 1912 770 1957 atque
814 1907 923 1944 inter
956 1912 1124 1945 caetera
1165 1907 1424 1945 sanctissimi
1458 1905 1665 1946 Sacrificii
1717 1907 1974 1957 mysterium
2025 1905 2207 1958 aliquod

375 1964 607 2012 declarent,
640 1965 795 2004 diebus
828 1966 1079 2016 praesertim
1115 1965 1348 2005 dominicis
1382 1972 1424 2005 et
1456 1965 1586 2005 festis.

516 2022 716 2064 Canones
749 2024 805 2063 de
838 2022 1063 2064 Sacrificio
1094 2024 1264 2064 Missae.
1639 2020 1642 2023 ’

515 2082 583 2122 ΙΧ.
618 2081 663 2123 Si
697 2084 792 2135 quis
834 2083 1005 2132 dixerit,
1049 2084 1261 2124 ecclesiae
1305 2097 1510 2124 romanae
1551 2085 1692 2132 ritum,
1725 2097 1813 2136 quo
1847 2085 2065 2125 submissa
2097 2097 2208 2124 voce

376 2143 504 2181 verba
537 2143 875 2182 consecrationis
908 2142 1195 2194 proferuntur,
1234 2143 1534 2183 damnandum
1575 2154 1688 2192 esse;
1738 2150 1812 2183 aut
1843 2143 1991 2196 lingua
2039 2149 2205 2183 tantum

374 2202 536 2254 vulgari
569 2202 721 2241 missas
754 2202 960 2241 celebrari
994 2202 1174 2252 debere;
1224 2209 1297 2242 aut
1345 2215 1502 2255 aquam
1549 2215 1636 2242 non
1671 2203 1943 2242 miscendam
1976 2215 2075 2243 esse
2106 2204 2208 2242 vino

376 2262 416 2298 in
438 2260 583 2308 calice,
616 2273 669 2300 eo
703 2261 823 2313 quod
857 2263 907 2300 sit
942 2269 1090 2301 contra
1124 2260 1279 2303 Christi
1312 2263 1644 2301 institutionem:
1677 2262 1891 2302 anathena
1923 2262 1987 2302 sit.

515 2319 572 2369 F)
606 2319 897 2372 Congregatio
932 2319 1157 2361 Generalis
1201 2321 1226 2360 7
1273 2320 1545 2372 Septembris
1582 2320 1705 2366 1562,
1737 2321 1842 2361 hora
1877 2321 2048 2362 12-15
2081 2321 2209 2361 dictis

376 2380 597 2418 sententiis
630 2392 760 2430 super
803 2379 1000 2419 doctrina
1045 2388 1086 2419 et
1119 2381 1360 2420 canonibus
1406 2380 1648 2420 reformatis
1681 2380 1738 2420 de
1762 2379 1995 2420 Sacrificio
2038 2381 2220 2430 missae,

377 2438 675 2489 praesentibus
712 2439 793 2479 139
825 2438 1031 2486 Patribus,
1083 2452 1160 2490 per
1192 2440 1335 2490 placet
1378 2440 1435 2480 79
1476 2439 1662 2488 Patrum,
1693 2439 1850 2479 eadem
1883 2440 2109 2491 approbat.
2159 2436 2227 2492 Ins.

378 2495 583 2536 Sessione
615 2497 733 2536 XXII
766 2498 940 2549 publica
972 2498 1044 2546 VI,
1077 2499 1146 2538 die
1183 2499 1234 2538 17
1269 2497 1542 2550 Septembris
1578 2497 1689 2538 1562
1724 2498 1909 2538 Decreta
1941 2505 1984 2538 et
2016 2500 2222 2554 canonesf

377 2556 582 2606 publicati
616 2563 725 2596 sunt.
2214 2557 2222 2574 ·“

376 2683 406 2716 H
446 2686 488 2717 58
517 2637 612 2717 Alcgtg
637 2636 808 2672 Genuina
835 2637 898 2672 SS.
929 2637 1082 2672 Concilii
1110 2638 1341 2683 Tridentini,
1378 2639 1479 2674 edita
1513 2638 1559 2673 ab
1597 2639 1641 2673 A.
1676 2638 1849 2679 Theiner‚
1876 2637 2078 2684 Zagrabiae
2104 2612 2227 2686 1874,},

688 2863 774 2893 112.
809 2856 931 2906 1562,
965 2856 1000 2894 ό
1026 2852 1217 2907 Augusti
1249 2879 1305 2884 —
1330 2867 1363 2908 5
1396 2851 1663 2908 Septembris,
1705 2851 1744 2895 T
1740 2851 1905 2894 ridenti.
2213 2843 2222 2882 3

518 2959 643 3010 Usus,
663 2960 834 3012 linguae
869 2963 1081 3001 croaticae
1115 2963 1299 3015 vulgaris
1333 2964 1373 3002 in
1408 2964 1537 3002 missa
1569 2963 1697 3002 latina
1729 2976 1752 3001 a
1785 2959 1864 3002 SS.
1885 2959 2084 3002 Concilio
2114 2952 2223 3018 Tri-g

379 3030 557 3071 dentino
591 3032 716 3071 tacite
749 3034 1024 3084 approbatur.
