2191 3434
567 315 1103 365 Glagolito-Romanae
1151 315 1306 352 XVII.
1357 330 1392 353 s.
1794 318 1838 354 25

75 459 298 509 Vinkovic‚
328 459 607 513 praepositus
640 459 958 512 Zagrabiensis,
991 459 1035 500 in
1065 459 1220 500 eodem
1246 459 1444 501 Concilio
1478 458 1663 511 delegati
1698 472 1879 501 munere

77 532 164 572 tam
198 529 392 584 episcopi
425 529 729 582 Zagrabiensis
769 529 989 571 Francisci
1022 529 1163 583 Ergelj
1198 542 1328 582 quam
1371 528 1560 582 Capituli
1599 529 1881 581 Zagrabiensi

75 600 273 653 fungens,
327 601 478 641 contra
535 599 701 640 dictum
747 599 985 648 decretum,
1031 599 1210 639 nomine
1256 598 1561 651 Zagrabiensis
1611 598 1879 649 dioeceseos,

77 682 192 723 quae
228 669 408 723 proprio
449 668 661 721 peculiari
704 668 806 709 Ritu
851 668 1050 721 liturgico
1095 681 1120 708 a
1153 671 1362 721 quattuor
1403 667 1665 719 etamplius
1697 668 1882 709 saeculis

77 739 312 780 observato
345 737 551 779 utebatur
581 740 765 779 testatus
799 741 876 779 est.

209 828 366 871 Farlati,
391 828 590 874 Illyricum
617 829 777 864 Sacrum
802 828 846 865 V,
883 828 973 869 265⁴,
1012 826 1087 862 Cfr.
1115 828 1281 872 Tkaleic‚
1324 828 1426 862 Stari
1451 828 1684 874 bogosluini
1713 827 1835 862 obred
1860 840 1885 862 u

75 875 218 921 stolnoj
245 875 352 910 crkvi
377 874 655 921 Zagrebackoj,
694 875 734 909 in
772 874 1017 920 ephemeride
1057 874 1253 909 Katolieki
1286 874 1372 908 List
1404 874 1498 917 1895,
1525 874 1567 908 N.
1594 875 1741 908 23—27.
1771 874 1887 909 Ritus

74 921 262 956 ecclesiae
287 921 573 967 Zagrabiensis,
600 921 781 967 antiquor
806 921 901 955 XIV
927 932 968 961 s„
995 920 1148 963 Farlati,
1176 932 1209 955 o.
1236 933 1264 955 c.
1291 921 1369 963 340,
1395 921 1464 954 268
1490 921 1745 955 deserobitur.

413 1075 486 1115 82.
518 1075 814 1114 1619—1631.
847 1072 1022 1114 Kras'im·
1052 1075 1090 1114 et
1121 1061 1255 1126 Sipak
1286 1072 1539 1126 Zaqrabien.

215 1166 449 1220 Gregorius
495 1156 669 1207 Zizanic
715 1166 930 1219 plebanus
964 1165 1007 1206 in
1039 1165 1205 1207 Krasici
1254 1165 1414 1207 deinde
1461 1166 1505 1206 in
1538 1151 1672 1218 Sipak
1717 1166 1878 1219 Zagra-

75 1236 240 1278 biensis
273 1236 541 1286 dioeceseos,
575 1235 791 1288 Glagolita
823 1238 927 1276 erat.

210 1327 455 1362 Documenta
480 1327 519 1361 in
546 1326 785 1362 Collectione
812 1326 1087 1371 Lopasiciana3
1115 1326 1191 1361 Cfr.
1219 1326 1384 1371 Tkaloic'‚
1412 1326 1625 1361 Slavensko
1651 1327 1879 1373 bogoslusje

75 1385 100 1407 u
125 1373 352 1419 Hrvatskoj‚
378 1374 594 1420 Zagrabiae
621 1373 722 1418 1904,
748 1373 802 1407 Sl.

641 1514 712 1555 53.
747 1515 870 1564 1631,
903 1514 964 1555 29
993 1513 1121 1564 Julia',
1154 1512 1323 1555 Romae.

215 1607 262 1648 P.
312 1605 529 1660 Raphaeli
577 1605 836 1654 Levakovffi,
881 1619 1016 1659 quum
1060 1606 1146 1647 iam
1188 1605 1276 1646 fere
1314 1605 1648 1659 impressionem
1698 1605 1885 1647 Missalis

76 1675 228 1729 Illyrici
259 1676 479 1717 reformati
513 1675 784 1725 absolvisset,
818 1678 859 1716 et
895 1675 1262 1726 „Vocabularium
1298 1675 1652 1717 Ecclesiasticum
1687 1675 1883 1717 Slavico-

76 1748 198 1786 rum“
225 1757 398 1787 necnon
425 1744 791 1795 „Grammaticam
817 1745 1060 1786 Slavican1“
1098 1747 1138 1785 et
1162 1744 1247 1786 alia
1279 1745 1435 1786 similia
1452 1745 1577 1800 juxta
1599 1748 1881 1799 praeceptum

78 1815 120 1857 S.
155 1814 517 1867 Congregationis
542 1815 670 1867 Prop.
696 1814 814 1855 Fidei
839 1817 1137 1867 praepararet,
1161 1817 1286 1856 scuta
1318 1814 1553 1856 duodecim
1587 1815 1883 1856 decernantur

77 1884 133 1926 ab
167 1884 321 1926 eadem
353 1884 395 1925 S.
432 1884 796 1937 Congregatione.

78 1974 428 2056 XXIVAgghivum
454 1975 490 2010 S.
516 1975 656 2021 Congr.
694 1974 807 2020 Prop.
842 1974 962 2016 Fidei,
995 1975 1062 2009 ΜΞ.
1087 1975 1161 2010 vol.
1188 1975 1266 2015 391,
1292 1974 1318 2009 f.
1348 1975 1434 2019 3303
1460 1975 1701 2014 Fermediin,
1729 1975 1884 2010 Starine

604 2141 674 2181 84.
708 2140 832 2189 1631,
865 2140 891 2179 5
924 2138 1165 2181 Decembris
1195 2138 1365 2180 Romae.

217 2232 399 2273 Joannis
421 2232 594 2274 Tomko
619 2233 857 2283 Marnavic‚
891 2233 965 2286 qui
987 2234 1044 2275 ad
1065 2234 1417 2287 propositionem
1441 2233 1485 2275 S.
1521 2234 1883 2287 Congregationis

79 2302 211 2355 Prop.
246 2302 365 2343 Fidei
400 2302 453 2343 28
485 2301 631 2343 Martii
675 2303 871 2344 eiusdem
913 2304 1015 2345 anni
1050 2304 1282 2357 episcopus
1324 2304 1561 2346 Bosnensis
1601 2307 1772 2346 creatus
1806 2307 1883 2351 est,

80 2371 307 2413 facultates
339 2385 455 2413 anno
493 2373 602 2414 1630
634 2373 844 2425 episcopo
879 2373 1173 2414 Scardonensi
1207 2374 1337 2415 datae
1370 2373 1685 2423 conceduntur,
1719 2377 1760 2414 et
1783 2386 1879 2414 scu-

83 2441 281 2483 tala164
311 2455 392 2495 pro
435 2441 654 2494 stipendio
702 2455 918 2483 annorum
966 2443 1073 2483 16028
1117 2446 1156 2483 et
1204 2444 1311 2485 1629
1358 2442 1768 2495 „particolarmente
1819 2443 1887 2483 nel

82 2511 226 2553 aiutar
265 2511 305 2552 la
351 2511 530 2552 riforma
576 2511 644 2552 del
688 2512 910 2553 Breviario
953 2512 1133 2565 Illyrico,
1174 2512 1253 2553 che
1284 2513 1325 2554 la
1369 2512 1539 2553 Santita
1572 2512 1617 2552 V.
1650 2513 1706 2553 ha
1739 2512 1781 2552 di
1816 2512 1885 2564 gia

84 2581 418 2622 commandata“
456 2583 498 2621 et
529 2581 585 2621 ad
617 2581 703 2623 alia
724 2582 901 2634 negotia
934 2581 1226 2623 ecclesiastica
1259 2582 1301 2622 in
1334 2581 1480 2623 futuro
1505 2582 1635 2634 gratis
1659 2581 1880 2631 obeunda,

83 2649 361 2703 elargiuntur.

84 2740 431 2821 XXIVAZZhivum
458 2742 492 2775 S.
521 2742 660 2787 Congr.
696 2742 809 2787 Prop.
835 2742 956 2783 Fidei,
990 2742 1058 2776 MS.
1086 2743 1159 2777 vol.
1193 2743 1273 2784 391,
1300 2741 1323 2777 f.
1352 2744 1438 2779 135,
1465 2742 1704 2776 Fcrmediin.
1733 2742 1887 2775 Starino

219 2814 226 2831 ‚
301 2815 306 2820 .

588 2905 657 2946 85.
690 2907 813 2955 1631,
844 2906 905 2946 24
938 2904 1188 2954 Decembris,
1218 2904 1387 2946 Romae.

109 3048 113 3051 Δ
220 2997 267 3038 Ρ.
302 2998 500 3051 Raphael
533 2999 776 3040 Levakovic'
825 2999 866 3040 S.
913 2999 1251 3051 Congregationi
1297 2999 1428 3050 Prop.
1464 2997 1597 3044 Fidei,
1632 3009 1766 3049 aluum
1802 2996 1879 3034 iin—

85 3066 354 3118 pressionem
387 3067 570 3109 Missalis
601 3067 755 3121 Illyrici
788 3069 844 3109 ad
890 3068 1019 3109 finem
1053 3068 1337 3121 penduxisset
1388 3080 1576 3119 „espone
1615 3091 1658 3093 —-
1697 3066 1775 3105 elic
1810 3078 1886 3115 per

85 3133 126 3176 la
156 3136 369 3177 necessita
403 3136 515 3178 della
547 3137 695 3178 chiesa
727 3136 894 3190 Illyrica
928 3138 963 3177 vi
999 3141 1172 3177 restano
1213 3138 1268 3177 sla
1303 3137 1399 3176 [insi
1437 3137 1458 3174 il
1497 3135 1716 3175 Brevi-imi»
1752 3147 1772 3172 e
1809 3133 1882 3172 1-11-

86 3204 200 3245 tuale
231 3205 434 3246 Romano
469 3208 510 3246 et
541 3207 714 3247 almeno
747 3207 931 3259 qualche
964 3207 1120 3247 casista
1144 3206 1209 3246 nel
1245 3205 1482 3245 inedesimo
1518 3203 1780 3254 linguaggiQ
1805 3202 1884 3242 che
