2243 3444
2235 319 2238 322 «
2229 185 2243 299 aua-25-

395 305 439 339 72
998 299 1178 333 Fontes
1226 296 1483 342 Liturgiae

346 447 417 486 tae
449 457 547 486 cum
580 441 859 490 monasterio,
892 438 1079 491 religiosi
1117 437 1287 479 Paulini
1329 435 1373 477 S.
1407 436 1543 486 Pauli,
1585 436 1714 490 primi
1747 437 1952 480 eremitae
1983 440 2027 479 et
2057 438 2136 480 ali-

346 514 459 556 quae
491 501 647 542 domus
677 499 757 540 sub
790 498 976 550 plebano
1010 496 1157 538 Cotor.

487 557 593 613 [95]
629 557 892 608 Caronipote
926 552 1187 608 [Krmpote]

485 638 642 681 Omnia
682 637 764 677 ista
804 636 899 676 loca
939 633 1126 674 vocabat
1166 631 1370 673 dominus
1412 631 1579 683 Papich
1620 632 1782 679 civitas,
1826 645 1939 685 quae
1969 632 2136 674 habent

346 696 606 739 vocabulum
641 695 891 736 distinctum
923 705 947 732 a
978 691 1100 737 villis,
1132 702 1233 730 nam
1267 689 1416 730 civitas
1448 689 1618 737 dicitur,
1655 690 1828 741 „grad‘,
1862 693 1904 730 et
1934 690 2034 732 villa
2065 690 2129 732 di·
2216 682 2243 779 s

350 755 460 796 citur
493 753 664 803 „sello“.
698 752 806 792 forte
840 749 1064 802 oppidum,
1097 747 1237 788 italice
1270 750 1384 788 terra
1428 750 1612 795 murata,
1644 747 1776 788 habet
1807 747 1920 788 idem
1954 747 2135 788 nomine
2214 783 2215 788 ,

351 811 533 864 „grad“;
566 812 608 850 et
638 808 826 860 singulas
867 806 1028 847 habere
1060 817 1188 846 suum
1219 806 1564 856 governatorem,
1588 804 1751 846 dictum
1786 804 2050 857 „porkulab“
2095 808 2138 846 et

347 869 647 920 magistratum
681 879 730 907 ex
767 866 815 906 192
844 864 1078 917 judicibus,
1112 861 1186 915 qui
1218 861 1397 913 singulis
1429 861 1553 902 annis
1584 874 1610 902 a
1642 862 1815 904 civitate
1848 862 2077 914 eliguntur.

482 924 725 977 Episcopus
758 922 1007 974 Segniensis
1040 922 1238 961 mortuus
1271 932 1386 960 anno
1432 919 1538 960 1685
1573 923 1663 961 erat
1696 919 2010 961 Dominicanus
2042 919 2136 961 dal-

346 985 476 1031 mata,
510 983 576 1023 Fr.
609 981 879 1034 Hiacynthus
911 978 1125 1025 DimitriO,
1157 979 1256 1030 post
1289 976 1412 1017 cuius
1444 976 1612 1017 obitum
1635 979 1760 1018 vacat
1792 977 1941 1018 sedem
1974 976 2018 1018 in
2049 977 2134 1018 hoc

355 1053 470 1082 anno
505 1039 612 1081 1688
646 1039 701 1080 ob
735 1038 875 1079 varias
908 1035 1240 1077 controversias.

1006 1161 1057 1203 In
1090 1161 1286 1213 Veglensi
1317 1159 1477 1202 Insula.

485 1256 574 1299 Sub
608 1257 826 1310 Episcopo
858 1254 1070 1308 Veglensi.

514 1338 549 1379 1.
583 1338 719 1379 Besca
752 1335 948 1391 [Baska]
981 1336 1037 1377 40
1079 1334 1341 1383 sacerdotes,
1374 1336 1547 1387 praeter
1592 1334 1802 1376 diaconos
1835 1335 1878 1376 et
1908 1334 2133 1375 inferiores

341 1396 519 1438 clericos
552 1398 593 1436 et
625 1408 721 1448 ope.
756 1406 905 1435 canen.
942 1392 1217 1446 [operatione
1251 1390 1496 1446 canenda?]

506 1455 542 1495 2.
576 1452 820 1493 Verbonico
863 1448 1094 1505 [Vrbenik]
1144 1462 1195 1490 ex
1238 1450 1293 1490 60
1340 1449 1654 1499 sacerdotibus,
1686 1452 1861 1501 praeter
1891 1449 2130 1490 inferiores.

342 1511 423 1553 Hic
455 1523 631 1564 quoque
661 1513 814 1551 cantus
847 1508 1024 1549 excellit.
1058 1507 1121 1548 Ne
1162 1507 1218 1548 ad
1250 1507 1444 1548 triremes
1473 1511 1714 1555 sumantur,
1731 1507 1842 1547 fiunt
1874 1507 2134 1548 sacerdotes

506 1569 543 1609 3.
575 1566 797 1619 Dobrigno
843 1565 1074 1620 [Dobrinj]‚
1117 1577 1169 1605 ex
1209 1564 1292 1606 200
1322 1565 1637 1614 sacerdotibus,
1685 1567 1858 1618 praeter
1889 1564 2130 1605 inferiores.

505 1626 546 1667 4.
579 1624 722 1666 Castel
754 1623 952 1665 Muschio
987 1621 1219 1677 [Omisalj]‚
1243 1635 1295 1662 ex
1331 1622 1379 1663 15
1403 1622 1570 1664 circiter
1601 1622 1902 1663 sacerdotibus
1935 1625 1977 1663 et
2009 1621 2135 1664 ultra.

504 1684 542 1724 5.
577 1682 872 1723 Dubrascniza
906 1679 1201 1734 [Dubasnica]‚
1236 1692 1287 1720 ex
1324 1680 1374 1721 10
1406 1680 1575 1721 circiter
1606 1679 1920 1732 sacerdotibus.

505 1741 543 1781 6.
577 1739 619 1780 S.
653 1739 788 1780 Maria
819 1739 873 1780 de
906 1739 996 1779 Cao
1040 1736 1097 1791 [S.
1132 1736 1269 1778 Maria
1310 1737 1364 1778 de
1397 1737 1534 1790 Capo,
1581 1737 1812 1791 Glavotok]
1847 1749 1899 1777 ex
1929 1737 1955 1778 6
1983 1749 2125 1778 sacer-

343 1797 533 1845 dotibus
567 1800 718 1849 estque
749 1799 989 1838 conventus
1022 1794 1348 1836 canonicorum.

507 1855 542 1895 7.
576 1855 753 1906 Pogliza
786 1853 998 1908 [Poljica]
1031 1852 1115 1893 alia
1148 1855 1212 1893 est
1251 1865 1276 1893 a
1307 1852 1533 1904 provincia
1572 1865 1712 1905 prope
1744 1851 1986 1904 Spalatum,
2019 1863 2072 1892 ex
2109 1851 2134 1891 5

345 1912 410 1954 vel
441 1913 467 1954 6
498 1912 811 1953 sacerdotibus.

464 1969 593 2011 Haec
625 1982 678 2010 ex
708 1968 940 2011 Francisco
973 1966 1212 2019 Georgiceo
1257 1965 1503 2019 Spalatensi
1538 1979 1588 2007 ex
1622 1966 1856 2008 Suciuracz
1893 1964 2130 2020 [Sucurac]

342 2026 717 2081 archipresbytero
765 2027 807 2067 S.
850 2025 1101 2077 Hieronymi
1143 2023 1408 2078 Illyricorum
1451 2023 1523 2078 [de
1566 2024 1697 2078 Urbe]
1748 2026 1790 2064 et
1833 2023 2019 2064 Abbatis
2052 2022 2129 2064 SS.

291 2085 294 2088 ”
340 2083 485 2126 Cosmi
529 2088 570 2125 et
611 2084 810 2125 Damiani
852 2082 1071 2124 Jadrensis
1113 2082 1333 2122 Dioecesis
1377 2081 1534 2136 [Tkon]
1581 2082 1805 2134 ingenioso
1850 2094 1901 2122 ac
1934 2080 2134 2122 doctrina

337 2154 568 2194 rerumque
599 2141 778 2182 scientia
825 2141 1027 2193 expedito
1076 2142 1115 2180 et
1148 2152 1252 2180 sane
1284 2152 1372 2180 non
1406 2152 1458 2179 ex
1491 2140 1667 2192 scirpto,
1699 2139 1777 2180 sed
1810 2151 1860 2179 ex
1892 2138 2132 2179 memoriae
2200 2164 2203 2165 ν

338 2199 557 2249 thesauro,
591 2212 688 2240 cum
718 2199 775 2239 ibi
807 2212 885 2251 per
917 2198 1077 2238 multos
1114 2209 1254 2237 annos
1286 2210 1373 2238 una
1415 2210 1512 2238 cum
1556 2197 1764 2250 episcopo
1797 2196 2010 2248 Vegliensi
2043 2208 2122 2236 suo

341 2257 556 2298 avunculo
592 2255 813 2310 [Georgio]
849 2256 1086 2308 Georgiceo
1119 2254 1360 2295 mansisset.

961 2382 1007 2422 In
1039 2380 1275 2422 Absarensi
1307 2380 1509 2421 dioecesi.

510 2476 544 2515 1.
577 2474 734 2516 Loscin
765 2487 948 2527 parvum
983 2473 1150 2528 [Lusinj
1187 2472 1316 2527 Mali]

508 2533 544 2574 2.
580 2531 733 2573 Loscin
765 2545 968 2584 magnum
1005 2531 1168 2585 [Lusinj
1200 2530 1324 2584 Veli]

478 2612 596 2653 Haec
629 2612 716 2652 duo
749 2615 918 2653 tantum
950 2612 1046 2652 loca
1078 2623 1194 2651 anno
1231 2610 1339 2651 1688
1363 2610 1595 2663 episcopus
1618 2608 1897 2650 Catharensis
1929 2607 2124 2649 Marinus

340 2668 485 2721 Drago
520 2669 699 2722 eiusque
732 2669 955 2710 Parochus
987 2668 1161 2709 Marcus
1203 2667 1434 2708 Petrovich
1465 2668 1623 2709 referre
1654 2667 1812 2720 potuit.
1841 2665 1939 2708 Alia
1967 2665 2132 2707 sciebat
2190 2663 2195 2666 ’

341 2739 446 2776 esse,
481 2726 557 2767 sed
590 2727 799 2779 quiquam
833 2726 1049 2779 explicare
1080 2738 1169 2766 non
1200 2727 1386 2778 poterat.

1103 2850 1150 2891 In
1181 2850 1368 2892 Arbensi

797 2942 993 2997 [nomina
1023 2943 1222 2984 locorum
1253 2956 1341 2984 non
1373 2941 1669 2996 recensentur]

1102 3066 1152 3109 In
1175 3068 1360 3121 Pagensi

791 3159 987 3213 [nomina
1016 3159 1214 3201 locorum
1246 3173 1335 3201 non
1366 3158 1666 3214 recensentur]
