2191 3434
590 170 1130 217 Glagolito-Romanae
1156 171 1229 204 XV
1256 183 1283 205 s,
1820 176 1864 206 17

485 319 554 369 64.
588 318 892 369 1367ffll7z68,
925 315 1114 356 Emausz'
1142 315 1328 367 Pragen.

164 412 460 452 Elucidarium
495 411 820 465 Glagoliticum,
860 413 981 452 cuius
1016 412 1244 463 exemplar
1276 413 1509 464 antiquius,
1540 419 1730 451 exeunte
1767 412 1869 451 XIV

23 484 199 524 saeculo
233 484 299 523 vel
331 483 414 523 XV
460 484 636 523 ineunte
681 485 992 535 conscriptum,
1043 483 1244 534 profesor
1288 483 1473 522 Ioannes
1518 482 1708 522 Mileetic'
1751 495 1867 523 anno

26 555 138 596 1882
171 556 213 594 in
263 555 527 595 bibliotheca
588 563 830 594 conventus
876 553 918 595 S.
962 554 1122 594 Mariae
1166 553 1453 608 Magdalenae
1497 554 1775 594 Dubasnicae
1824 555 1866 594 in

22 626 161 666 insula
183 639 234 666 ac
255 626 448 666 dioecesi
470 626 679 679 Veglensi
702 626 869 666 detexit
889 639 939 665 ac
962 639 1065 665 suae
1089 625 1349 666 Collectioni
1383 626 1578 675 inseruit;
1606 632 1648 665 et
1679 626 1864 665 alterum

0 698 240 738 ³recentius
274 697 538 737 ann01468
592 699 889 749 conscriptum
943 699 983 736 in
1037 697 1304 737 bibliotheca
1356 697 1459 736 olim
1512 695 1721 737 Canonici
1756 697 1867 736 Petri

25 768 161 809 Petris
193 769 428 809 Verbenici
462 769 504 807 in
539 768 748 821 Veglensi
783 769 920 808 insula
952 782 1002 808 ac
1036 769 1230 808 dioecesi
1263 774 1521 817 asservatur;
1553 767 1608 807 ad
1643 768 1870 819 exemplar

22 839 256 880 Elucidarii
289 839 523 880 bohemica
562 841 708 893 lingua
743 840 948 891 descripti
983 840 1254 891 probabilius
1287 853 1310 878 a
1362 839 1580 879 monacho
1614 838 1791 879 Ordinis
1826 838 1869 879 S.

20 911 245 952 Benedicti
275 911 552 951 Emautensis
597 912 845 951 monasterii
897 912 1123 964 Pragensis
1168 911 1429 950 dioeceseos
1469 911 1682 950 croaticae
1717 918 1863 949 tamen

21 983 212 1035 originis,
244 983 484 1023 conficitur.

19 1110 134 1144 XXX
164 1062 396 1145 12.5l';s1il<':etic‚
441 1064 570 1098 Prilozi
616 1075 657 1098 za
693 1065 884 1098 literaturu
928 1063 1120 1098 hrvatskih
1173 1063 1408 1108 Glagoljskih
1453 1063 1678 1106 spomenika
1719 1062 1866 1097 Starine

140 1139 146 1151 ‚
268 1122 316 1145 ss

610 1247 676 1298 65.
711 1246 845 1298 1468,
876 1244 1075 1296 Augusti,
1120 1244 1284 1295 Veglae.

164 1341 395 1392 Presbyter
428 1341 636 1381 Nicolaus
669 1342 810 1380 scriba
844 1339 1149 1393 Omisaljensis
1173 1347 1215 1380 et
1235 1341 1427 1379 notarius
1448 1339 1663 1394 publicus,
1685 1339 1865 1379 manda-

10 1411 112 1452 'tum
148 1413 320 1452 comitis
354 1413 526 1452 Ioannis
574 1413 830 1464 Frankapan
877 1411 1108 1465 Veglensis
1151 1420 1244 1461 eto,
1287 1424 1340 1451 ne
1374 1411 1584 1450 Murlachi
1618 1410 1726 1450 fines
1760 1424 1865 1451 suos

22 1484 403 1537 transgrediantur,
436 1484 684 1537 glagolitice
719 1483 906 1524 conficit.

163 1556 324 1606 Surmin,
351 1566 447 1600 Acta
473 1565 637 1599 croatica
665 1564 691 1606 1,
720 1566 922 1611 Zagrabiae
949 1568 1050 1602 1898,
1081 1566 1147 1599 254
1175 1576 1202 1599 s.

532 1737 605 1775 66.
639 1745 759 1788 1470,
793 1734 835 1774 in
867 1733 999 1774 [stria
1032 1734 1103 1774 vel
1130 1733 1366 1774 Dalmatia.

161 1831 422 1871 Breviarium
456 1830 768 1885 Glagoliticum
789 1829 1199 1882 Kukuljevic'ianum
1229 1832 1270 1868 in
1292 1831 1413 1869 terris
1435 1830 1634 1868 croaticis
1667 1829 1859 1867 conscri-

52 1903 145 1942 itur.

84 2022 127 2054 15
160 1972 398 2017 Kukuljevic,
421 1971 608 2018 Jugoslav.
644 1972 829 2018 knjiinica
868 1970 981 2005 Ivana
1010 1970 1261 2016 Kukuljevica
1288 1970 1557 2014 Sakcinskoga,
1585 1968 1727 2014 Zagrcb
1755 1970 1863 2007 1867,

495 2145 562 2194 67.
595 2144 890 2194 1461—17170,
924 2139 1106 2194 (Spoleti
1118 2138 1149 2191 ?)
1184 2138 1365 2191 Segnen.

161 2237 367 2278 Nicolaus
400 2237 741 2277 Modrusciensis
774 2250 824 2276 ac
858 2235 1167 2276 Korbaviensis
1202 2237 1451 2286 episcopus,
1484 2233 1653 2285 Spoleti
1689 2232 1860 2273 Toldae

48 2308 298 2349 tAmeriae
332 2309 622 2354 Gubernator,
666 2310 849 2361 graviter
890 2308 1011 2360 quod
1058 2307 1236 2360 quidam
1280 2308 1353 2354 vir,
1399 2307 1580 2359 gratuita
1619 2306 1858 2344 assertione

39 2381 212 2434 inguam
246 2381 447 2420 slavicam
490 2382 531 2419 in
565 2379 607 2420 S.
653 2380 845 2433 Liturgia
877 2381 932 2419 ab
965 2379 1161 2418 Ecclesia
1195 2377 1418 2419 Catholica
1451 2378 1735 2429 approbatam
1771 2387 1860 2414 non

47 2464 129 2501 sse,
160 2452 363 2492 scandala
396 2454 437 2491 in
470 2451 664 2491 dioecesi
697 2451 1015 2490 Modrusciensi
1066 2451 1346 2489 suscitaverat
1397 2450 1693 2495 conturbatUS,
1735 2446 1860 2498 Capi-

5 2544 14 2562 2*
42 2523 113 2563 ulo
146 2530 188 2563 et
219 2522 347 2564 Clero
379 2522 699 2563 Modrusciensi
721 2523 837 2562 illam
869 2523 1152 2561 assertionem
1189 2520 1380 2560 refutans
1402 2520 1585 2572 epistola
1609 2520 1687 2558 hac
1710 2519 1859 2571 glago-

38 2595 136 2634 itice
157 2596 403 2646 conscripta
425 2595 631 2646 explicat:
656 2593 698 2634 S.
719 2594 900 2633 Matrem
934 2593 1179 2633 Ecclesiam
1212 2592 1455 2631 Romanam
1492 2591 1636 2630 multis
1660 2590 1856 2629 ecclesiis

8 2682 14 2705 ε
59 2666 218 2705 roatiae
279 2672 322 2706 et
383 2665 625 2706 Dalmatiae
676 2678 803 2705 usum
854 2677 905 2704 ac
957 2664 1322 2703 consuetudinem
1375 2663 1570 2715 liturgiae
1618 2661 1859 2713 Glagolito-

67 2738 388 2787 ieronymianae
421 2736 662 2776 honorifice
695 2737 926 2787 excepisse
959 2748 1040 2775 nec
1074 2742 1252 2786 propter
1284 2734 1369 2773 hoc
1403 2746 1594 2785 unquam
1630 2747 1653 2771 a
1685 2733 1859 2771 nemine

32 2807 327 2859 'eprehensam
363 2808 506 2848 fuisse.

169 2878 515 2933 »Mikulavboijej
539 2879 640 2931 volji
673 2880 685 2917 i
718 2877 840 2919 Stola
871 2877 1203 2929 Apostolskoga
1238 2876 1429 2928 milostju
1452 2875 1609 2925 biskup
1633 2873 1858 2914 Modruski

3 2916 22 2971 η)
79 2937 305 2986 Krbavski,
350 2936 538 2990 Spurlita
581 2939 590 2976 i
633 2937 801 2978 Toldae
846 2938 855 2975 i
903 2937 1097 2989 Amerije
1140 2938 1149 2974 i
1193 2935 1367 2987 procaja
1402 2935 1686 2980 Guvernatur,
1721 2933 1857 2983 pisem

12 3007 23 3035 s
65 2997 229 3048 apitulu
264 2998 273 3036 i
305 2996 437 3037 Kleru
471 2996 610 3038 Crkve
643 2996 881 3036 Modruske
915 2995 1116 3047 spasenje
1150 3008 1200 3034 va
1235 2995 1324 3033 vsih
1347 2994 1595 3044 spasitelno.
1630 2992 1780 3032 Smete
1813 3004 1859 3030 se

53 3068 76 3094 a
108 3057 195 3095 mni
228 3069 322 3096 srce
355 3056 485 3108 moje,
536 3058 545 3095 i
596 3057 711 3098 tisnu
762 3068 807 3096 se
859 3068 909 3097 va
960 3056 1045 3095 mni
1101 3055 1253 3094 utroba
1288 3054 1403 3107 moja
1437 3052 1564 3091 svrhu
1599 3053 1720 3103 brige
1754 3050 1858 3102 ljudi

36 3117 38 3125 ,
1794 3120 1825 3145 δῇ
