2191 3434
730 264 780 298 ΙΙ.
806 265 906 299 Acta
932 264 1068 299 Curiae
1095 265 1307 301 Romanae.
1819 271 1875 304 XI

905 403 1023 449 Pius
1056 405 1132 449 ΙΧ.

249 508 455 550 Pontifex
487 510 705 564 encyclica
743 511 823 560 „ad
857 510 1124 552 Orientales“
1173 511 1414 564 Apostolos
1448 512 1644 554 Slavicos
1677 512 1752 555 SS.
1787 513 1923 566 Cyrit-

111 567 202 609 lum
220 570 262 609 et
292 567 568 609 Methodium
602 569 806 618 celebrat,
832 567 945 618 XIX,
968 569 1048 618 543
1080 568 1253 610 Vicario
1277 582 1357 611 suo
1380 571 1605 611 mediante
1636 571 1926 613 millenarium

113 625 372 668 eorumdem
403 626 577 668 Romae
610 626 653 667 in
687 627 871 668 ecclesia
901 626 1116 668 nationali
1166 626 1209 667 S.
1243 627 1498 681 Hieronymi
1534 628 1826 670 Slavonolum
1861 630 1928 671 in-

111 686 247 736 tegro¹
269 697 386 725 anno
423 684 531 726 1863
580 685 896 726 celebrandum
928 685 1092 734 statuit,
1128 685 1185 726 ib.
1218 685 1295 733 653
1330 686 1445 727 diem
1479 685 1637 727 festum
1671 687 1927 728 eorumdem

116 742 187 784 die
209 742 234 784 5
258 741 359 783 Julii
381 755 512 795 agere
529 742 671 795 jubet,
694 743 752 784 ib.
776 743 853 791 67;
874 744 916 783 et
937 743 994 784 ad
1016 743 1277 795 petitionem
1310 743 1619 797 episcoporum
1654 744 1927 786 Slavicorum

115 800 483 843 Commissionem
517 801 796 842 Pontificiam
840 800 1188 853 Archaeologiae
1221 800 1380 843 Sacrae
1413 802 1662 854 sepulcrum
1707 802 1748 844 S.
1784 803 1926 857 Cyrilli

113 858 158 900 in
175 859 463 900 subterranea
480 859 663 900 basilica
682 859 725 900 S.
765 858 1000 900 Clementis
1038 859 1279 912 explorare,
1313 860 1370 901 ib.
1410 861 1483 908 68;
1521 860 1817 914 reliquiasque
1850 860 1928 903 SS.

115 916 259 970 Cyrilli
295 919 336 958 et
387 917 599 959 Methodii
652 917 695 958 in
746 917 871 958 altari
923 917 1081 958 maiori
1133 918 1330 971 ejusdem
1378 918 1585 960 basilicae
1616 932 1932 971 recognoscere

111 975 250 1029 Jubet,
274 974 332 1016 ib.
357 975 425 1017 70.

255 1032 454 1074 Pontifex
497 1034 552 1074 ab
587 1033 796 1087 episcopo
843 1032 1325 1075 Diakoven.-Bosnensi
1370 1037 1410 1075 et
1452 1034 1688 1087 Syrmiensi
1737 1034 1927 1088 Josepho

114 1090 303 1144 Georgio
339 1091 650 1146 Strossmayer,
683 1094 729 1132 ut
760 1104 877 1132 nova
910 1091 1104 1133 editione
1126 1092 1337 1134 librorum
1356 1092 1657 1144 liturgicorum
1677 1095 1718 1133 et
1736 1093 1927 1146 repristi-

112 1149 294 1190 natione
337 1148 633 1191 Seminarium
676 1149 945 1203 illyricorum
988 1150 1157 1192 Romae
1191 1154 1232 1191 et
1265 1151 1307 1191 in
1340 1150 1556 1192 Dalmatia
1609 1150 1931 1192 conservationi

113 1207 297 1260 Lgr.nae
327 1208 573 1260 provideat,
616 1208 674 1249 ib.
708 1207 764 1248 64
795 1208 822 1249 b
871 1207 929 1263 (p.
970 1207 1063 1261 1:36)
1109 1211 1326 1257 exoratus,
1363 1208 1405 1249 S.
1441 1208 1838 1261 Congregationem
1872 1209 1926 1250 de

114 1264 249 1319 Prop.
271 1265 381 1307 Fide
402 1266 574 1307 Missale
608 1265 1105 1319 Glagolito-Romanum
1139 1267 1349 1314 recudere
1382 1267 1515 1315 iubet,
1549 1276 1663 1319 quae
1695 1268 1930 1320 postquam

80 1370 84 1374 ⁸
118 1337 143 1366 a
174 1324 418 1366 Dalmatiae
448 1324 728 1377 metropolita
761 1324 1095 1378 archiepiscopo
1130 1325 1328 1366 Jadrensi
1360 1324 1491 1365 Petro
1526 1325 1714 1365 Domnio
1748 1325 1930 1377 Maupas

118 1383 159 1423 et
191 1381 491 1435 suffraganeis
524 1382 616 1423 eius
663 1383 746 1424 hac
794 1383 848 1423 de
882 1395 1014 1424 causa
1060 1383 1273 1424 revisores
1320 1383 1504 1424 idoneos
1551 1383 1662 1423 111161·
1707 1382 1930 1424 Dalmatas

127 1440 425 1493 designandos
466 1440 832 1494 expostulaverat,
874 1440 929 1482 ib.
965 1441 1040 1489 71;
1086 1441 1245 1482 Joanni
1291 1441 1439 1482 Bercic
1472 1440 1667 1482 Jadrensi
1702 1443 1743 1481 et
1776 1440 1932 1482 Carolo

116 1497 270 1540 Parcic'
302 1495 504 1552 Veglensi
537 1499 766 1541 revisionis
797 1512 958 1540 munus
991 1499 1187 1553 deputat,
1221 1500 1278 1540 ib.
1312 1500 1379 1541 77.

904 1637 1004 1682 Leo
1035 1637 1158 1682 x111.

259 1743 303 1786 S.
337 1744 630 1798 Congregatio
655 1745 709 1787 de
731 1745 864 1799 Prop.
887 1745 995 1787 Fide
1024 1745 1081 1787 ob
1104 1746 1291 1787 mortem
1324 1744 1526 1786 revisoris
1558 1744 1741 1785 Missalis
1775 1743 1932 1796 Glago-

119 1801 224 1843 1111ῡί
246 1802 428 1844 Joannis
450 1803 614 1853 Bercic,
648 1804 704 1845 ad
727 1804 1077 1857 propositionem
1112 1803 1419 1857 metropolitae
1448 1801 1691 1844 Dalmatiae
1715 1801 1934 1842 Jadrensis

119 1859 441 1915 archiepiscopi
474 1862 590 1903 Petri
625 1862 800 1903 Domnii
832 1862 1029 1915 Maupas,
1062 1875 1223 1903 munus
1255 1861 1483 1902 revisionis
1518 1860 1715 1901 eiusdem
1749 1859 1931 1900 Missalis

121 1921 163 1959 et
193 1918 382 1960 Ritualis
414 1918 607 1961 Croatici
639 1919 799 1962 Carolo
833 1920 986 1962 Parcic
1019 1922 1062 1961 et
1092 1920 1249 1962 Joanni
1284 1919 1436 1961 Crncic
1471 1918 1691 1960 canonicis
1710 1917 1752 1958 S.
1775 1917 1932 1958 Hiero-

119 1976 238 2031 nymi
269 1976 564 2019 Slavonorum
598 1978 652 2020 de
670 1978 788 2020 Urbe
820 1979 1017 2032 deputat,
1050 1977 1163 2026 XIX,
1196 1976 1380 2019 77-80.

259 2047 463 2088 Pontifex
495 2048 713 2102 encyclica
764 2048 964 2097 „Grande
996 2052 1179 2090 munus“
1230 2047 1362 2088 vitam
1399 2048 1438 2088 et
1473 2046 1625 2087 merita
1673 2045 1751 2087 SS.
1786 2044 1932 2099 Cyrilli

121 2106 164 2161 et
185 2104 411 2154 Methodii,
445 2105 748 2160 originemque
774 2106 970 2159 Lgrnae,
995 2107 1123 2148 toties
1147 2119 1172 2147 a
1196 2106 1238 2146 S.
1264 2106 1379 2147 Sede
1402 2104 1687 2157 approbatae,
1721 2104 1930 2152 recolens,

119 2162 276 2204 festum
296 2164 553 2205 eorumdem
578 2165 621 2205 in
640 2165 843 2206 universa
860 2164 1055 2206 Ecclesia
1079 2177 1179 2205 cuin
1203 2163 1372 2211 Officio,
1396 2176 1476 2216 pro
1501 2175 1588 2215 quo
1613 2162 1725 2203 duos
1749 2162 1934 2214 hymnos

122 2222 164 2262 et
194 2217 289 2275 ipse
322 2221 499 2275 quidem
534 2223 855 2272 concinaverat,
891 2226 932 2263 et
954 2222 1088 2264 Missa
1119 2222 1313 2274 propria,
1349 2222 1419 2262 die
1441 2221 1466 2262 5
1489 2220 1589 2261 Julii
1622 2220 1934 2261 celebrandum

123 2279 360 2329 constituit,
409 2280 481 2330 ib.,
529 2281 597 2329 84,
631 2280 724 2322 843
758 2281 816 2334 (p.
853 2280 974 2335 159);
1022 2281 1065 2321 111
1099 2281 1168 2321 die
1201 2280 1310 2321 festo
1360 2279 1438 2320 SS.
1472 2277 1618 2332 Cyrilli
1652 2280 1692 2318 et
1723 2277 1935 2318 Methodii

119 2337 362 2378 solemnem
384 2338 564 2380 missam
594 2339 1086 2392 Glagolito-Romanam
1112 2337 1351 2380 cathedrali
1386 2336 1666 2389 Zagrabiensi
1690 2335 1932 2388 indulgens,

123 2394 182 2437 ib.
215 2396 270 2437 89
290 2408 314 2436 a
346 2395 405 2451 (p.
444 2395 551 2451 160).

258 2452 346 2494 Pro
379 2454 540 2507 quibus
586 2454 810 2497 beneficiis
858 2454 1066 2497 ecclesiae
1113 2454 1311 2496 Slavicae
1358 2452 1618 2494 Pontificem
1664 2451 1933 2492 celebrantes

124 2510 183 2552 ib.
215 2511 284 2561 87,
317 2511 385 2561 89,
418 2513 486 2562 90,
519 2513 589 2563 93,
634 2513 830 2555 unanimi
877 2513 1233 2566 peregrinatione
1278 2512 1469 2552 Romam
1517 2512 1730 2563 petenteS,
1779 2509 1820 2550 in
1863 2521 1934 2550 so-

119 2568 251 2610 lemni
284 2570 510 2612 audientia
541 2570 566 2611 5
599 2571 697 2612 Julii
730 2571 840 2612 1887
875 2572 930 2613 de
960 2573 1145 2624 paterna
1179 2570 1271 2611 eius
1304 2583 1406 2622 erga
1439 2568 1592 2610 Slavos
1626 2566 1932 2613 benevolentia

121 2627 282 2680 gratias
328 2630 484 2681 agunt;
532 2629 716 2670 comiter
762 2632 970 2683 exceptae
1017 2629 1059 2670 in
1093 2628 1285 2673 basilica
1327 2627 1367 2669 S.
1402 2627 1518 2668 Petri
1552 2626 1762 2667 Vaticana
1813 2627 1854 2665 et
1888 2624 1931 2665 S.

124 2684 359 2727 Clementis
408 2685 746 2729 Coelimontana
793 2687 947 2728 Officia
981 2688 1116 2729 Sacra
1163 2686 1324 2727 slavica
1368 2685 1517 2737 lingua
1562 2683 1829 2737 persolvunt,
1876 2682 1932 2722 ib.

243 2742 465 2843 (Pontifgx
495 2815 598 2844 vero
633 2802 885 2844 Oratorium
919 2802 996 2844 SS.
1033 2802 1175 2855 Cyrilli
1210 2803 1250 2842 et
1282 2800 1476 2841 Methodi
1509 2799 1565 2840 ad
1599 2799 1641 2840 S.
1663 2798 1931 2839 Clementem

125 2859 298 2911 egregio
333 2872 465 2912 opere
497 2873 548 2902 ac
580 2861 776 2914 reliquiis
807 2861 1196 2914 Rayhradensibus
1240 2858 1282 2899 S.
1317 2858 1462 2911 Cyrilli
1504 2858 1760 2897 exornatum
1795 2855 1932 2905 erigit,

124 2916 167 2957 in
202 2929 290 2970 quo
323 2916 506 2970 Lgr.nae
552 2931 674 2960 sacra
719 2919 968 2972 persolvere
1003 2916 1226 2969 Glagolitis
1263 2928 1435 2968 semper
1467 2916 1528 2955 sas
1563 2916 1637 2960 est,
1675 2914 1726 2952 ib.
1762 2911 1828 2960 90,
1862 2913 1930 2958 98,

125 2973 232 3024 316;
280 2976 322 3015 61
368 2975 622 3017 cathedram
669 2976 844 3029 linguae
883 2975 1232 3030 palaeoslavicac
1266 2973 1305 3013 in
1340 2972 1582 3013 Seininario
1618 2971 1818 3010 Romano
1852 2981 1931 3009 nec

123 3028 213 3073 non
248 3031 452 3074 Officium.
485 3033 722 3087 Scriptoris
741 3034 901 3075 Slavici
924 3035 966 3074 in
985 3033 1195 3073 Vaticana
1226 3030 1500 3071 Bibliotheca
1534 3028 1730 3075 instituit,
1765 3027 1821 3066 11).
1844 3026 1931 3066 101.

132 3144 154 3148 „
260 3099 384 3142 Idem
416 3101 620 3144 Pontifex
652 3116 777 3144 usum
811 3102 1024 3157 privilegii
1056 3102 1238 3153 igunae
1273 3100 1314 3139 in
1345 3098 1540 3152 provicia
1563 3095 1841 3137 Antibarensi
1875 3095 1930 3136 ad

122 3158 382 3212 petitionem
414 3159 582 3204 Nicolai
614 3161 823 3214 principis
854 3161 1013 3201 Montis
1046 3158 1164 3211 Nigri
1197 3157 1458 3209 repr-istinat,
1490 3154 1598 3204 XIX,
1631 3154 1696 3195 99.
