2191 3434
633 269 1231 312 Glagolito-Romanae
1264 270 1413 305 xlx.s.
1776 273 1840 307 169

111 415 240 455 nobis
286 414 340 454 de
383 415 513 454 rebus
548 415 846 455 ecclesiasticis
881 414 1132 453 Nostrarum
1167 415 1441 454 Dioeceseon
1488 427 1567 454 nec
1613 417 1756 455 nonde
1804 418 1887 455 ani-

110 475 261 514 mabus
295 486 421 514 curae
456 475 637 514 Nostrae
672 474 842 514 creditis
875 485 1020 513 coram
1055 473 1151 513 Deo
1187 472 1416 523 aliquando
1452 475 1671 514 reddenda
1707 477 1792 522 erit,
1828 488 1886 514 ra<

107 534 234 574 tionis
267 533 430 574 conscii
465 546 591 584 quam
624 535 825 587 propriae
848 534 970 572 etiam
994 530 1106 572 Cleri
1131 534 1264 583 ipsius
1291 567 1297 572 .
1325 566 1332 572 .
1355 567 1361 573 .
1390 566 1396 572 .
1420 568 1426 573 .
1462 532 1616 573 utilitati
1642 535 1886 576 consulturi,

109 605 262 633 omnes
305 592 561 633 Sacerdotes
607 598 647 633 et
692 592 888 634 Clericos
931 592 1248 643 jurisdictIOnes
1282 593 1462 633 Nostrae
1507 593 1724 643 subiectos
1771 606 1887 633 seve-

110 654 274 693 rissime
309 657 348 692 et
381 653 460 693 sub
501 653 769 702 „obedientia
803 652 1034 692 canonica“
1072 652 1189 691 hisce
1222 656 1411 691 vetamus
1440 653 1611 702 propria
1646 654 1886 692 auctoritate

47 746 53 749 .
109 712 344 763 quidquam
382 714 583 752 innovare
627 716 695 752 aut
741 710 1101 763 qualemcumque
1142 715 1300 761 partem
1346 724 1442 751 cum
1478 712 1538 759 iis,
1575 713 1646 761 qui
1680 710 1886 762 liturgiam

110 776 148 811 et
180 770 368 822 linguam
404 773 640 822 liturgicam
673 773 764 824 jure
799 772 1090 811 ecclesiastico
1138 772 1337 810 sancitam
1375 770 1776 821 quomodocunque
1814 773 1886 810 im-

107 835 310 882 pugnant.
364 832 480 871 Neve
528 834 755 882 quisquam
790 833 874 871 hoc
910 831 1112 870 Nostrum
1148 832 1317 869 vetitum
1354 831 1534 880 migrare
1566 831 1631 869 vel
1667 829 1885 881 negligere

109 891 273 940 audeat,
310 885 433 931 usum
479 893 550 941 qui
593 890 690 931 alibi
733 892 871 941 vigeat
904 890 1207 941 praetexendo‚
1241 902 1389 929 verum
1434 891 1599 930 noverit
1643 902 1687 929 se
1724 891 1777 929 de
1813 902 1886 929 sua

109 952 149 990 in
174 952 252 991 hac
274 963 318 991 re
342 951 497 1002 agendi
522 952 682 991 ratione
717 964 767 990 ex
802 952 849 990 iis
882 954 1054 994 tantum,
1091 962 1200 999 quae
1224 962 1244 988 a
1267 949 1569 999 Superioribus
1593 948 1887 989 ecclesiasticis

107 1012 143 1051 ei
179 1015 404 1062 praecepta
437 1014 546 1059 sunt,
581 1009 811 1061 aliquando
847 1010 1077 1059 judicatum
1113 1010 1198 1048 iri.“

606 1099 629 1139 †
660 1095 846 1144 Joannes
881 1094 1060 1143 Baptista
1095 1094 1338 1143 Episcopus
1374 1093 1825 1132 Parentino-Polensis

248 1186 356 1221 Ordo
384 1187 431 1221 ad
453 1187 578 1222 divina
596 1187 768 1224 Romano
789 1188 857 1221 ritu
877 1186 1129 1229 persolvenda
1151 1187 1186 1221 in
1209 1186 1375 1221 ecclesiis
1401 1186 1623 1221 dioeceseos
1651 1186 1884 1220 Parentinae-

104 1233 278 1269 Polensis
305 1245 404 1269 anno
432 1235 586 1270 Domini
613 1234 1012 1276 MDCCCLXXXVII,
1041 1245 1076 1278 p.
1099 1234 1142 1268 VI
1160 1234 1267 1268 —1X.

249 1365 286 1399 In
316 1365 542 1410 quibusdam
572 1365 888 1410 ephemeridibus,
930 1376 1025 1410 quae
1065 1366 1100 1399 in
1141 1367 1269 1400 nostra
1309 1365 1500 1408 provincia
1529 1364 1780 1398 ecclesiastica
1808 1363 1885 1397 sive

104 1414 217 1448 rebus
251 1414 412 1457 politicis
440 1414 596 1457 agendis
625 1415 703 1448 sive
730 1413 871 1448 artibus
907 1412 1120 1448 liberalibus
1149 1413 1319 1448 colendis
1358 1413 1392 1447 in
1428 1412 1547 1446 lucem
1583 1411 1754 1453 eduntur,
1782 1411 1885 1446 iden-

102 1461 217 1496 tidem
246 1462 431 1505 quaedam
473 1463 611 1505 scripta
644 1463 900 1503 Inveniuntur,
937 1471 1032 1505 quae
1072 1471 1149 1495 non
1186 1462 1309 1495 minus
1344 1471 1363 1494 a
1400 1470 1513 1494 sensu
1543 1459 1726 1494 catholico
1755 1458 1882 1497 aliena.

102 1518 214 1553 quam
241 1508 408 1544 fidelium
436 1509 544 1544 saluti
572 1519 657 1544 cum
684 1508 879 1553 temporali
909 1510 984 1543 tum
1014 1508 1193 1552 spirituali
1221 1508 1432 1552 perniciosa
1461 1509 1557 1542 sunt.
1597 1507 1635 1540 ld
1664 1505 1882 1549 praeprimis

101 1558 315 1600 nuperrime
343 1557 469 1592 denuo
497 1557 632 1591 accidit
653 1556 770 1591 modo
792 1557 888 1591 adeo
908 1556 1086 1593 nefando.
1115 1559 1153 1590 ut
1173 1557 1336 1590 maximo
1356 1556 1444 1590 inde
1464 1555 1594 1589 dolore
1613 1554 1735 1588 affecti
1755 1555 1882 1587 simus.

248 1616 423 1651 Profecto
452 1617 621 1661 quidem!
652 1616 837 1651 Catholici
865 1618 900 1650 et
927 1616 1195 1658 Protestantes,
1235 1615 1435 1650 Christiani
1465 1616 1499 1649 et
1526 1614 1694 1648 infideles
1725 1612 1786 1648 SS.
1815 1613 1883 1647 Pa—

102 1666 193 1698 trem
223 1666 391 1698 nostrum
420 1665 583 1699 Leonem
612 1664 697 1698 Xlll.
727 1674 873 1699 summa
901 1665 1142 1698 veneratione
1169 1665 1449 1707 prosequuntur
1477 1673 1637 1706 eumque
1665 1662 1699 1695 in
1729 1671 1883 1694 numero

102 1713 351 1746 maximorum
373 1712 610 1752 Pontificum,
639 1723 735 1756 quos
757 1712 880 1746 divina
902 1711 1143 1746 Providentia
1160 1711 1349 1746 Ecclesiae
1373 1710 1510 1745 Christi
1541 1710 1706 1750 donavit,
1726 1712 1884 1752 ponunt.

103 1759 231 1804 Quare
258 1761 456 1794 universus
483 1760 559 1795 iere
587 1760 688 1795 orbis
725 1762 851 1801 certat,
892 1762 930 1793 ut
968 1760 1112 1794 instans
1152 1760 1231 1794 eius
1265 1758 1467 1793 lubilaeum
1504 1756 1735 1792 sacerdotale
1773 1766 1881 1799 quani

102 1806 378 1842 solemnissime
418 1807 541 1843 obeat.
586 1808 746 1843 Nostrae
786 1809 928 1842 tantum
969 1807 1186 1850 provinciae
1214 1807 1309 1850 proh
1339 1806 1462 1840 dolor!
1505 1805 1676 1848 exceptio
1718 1803 1883 1845 contigit.

100 1854 381 1898 Ephemerides‚
410 1856 546 1900 quibus
566 1866 704 1890 nomen
728 1854 946 1897 „Slovenski
966 1855 1131 1897 Narod“,
1160 1865 1255 1898 quae
1274 1855 1309 1888 in
1333 1853 1474 1897 populo
1496 1862 1675 1897 perquam
1697 1850 1880 1885 catholico

102 1901 312 1945 vulgantur,
340 1903 447 1938 cuius
475 1904 584 1938 etiam
613 1903 720 1938 saluti
748 1903 968 1947 praeprimis
988 1904 1206 1946 prospicere
1235 1913 1274 1937 se
1301 1902 1448 1943 iactant,
1477 1899 1732 1935 venerandum
1753 1908 1880 1933 senem

99 1949 305 1993 iubilarem,
333 1951 495 1986 universi
524 1951 624 1985 orbis
653 1951 840 1985 christiani
868 1951 1091 1994 Principem,
1127 1950 1215 1984 inde
1249 1950 1357 1984 etiam
1389 1948 1555 1983 fidelium
1585 1957 1693 1981 curae
1722 1946 1881 1980 Nostrae

101 1998 391 2033 commissorum
433 1999 580 2033 Patrem
621 1999 861 2042 spiritualem,
902 1999 998 2042 ips0,
1040 2000 1078 2032 ut
1117 1999 1165 2032 ita
1204 1997 1412 2041 loquamur,
1440 1996 1588 2030 lubilaei
1618 1993 1809 2038 pervigilio

102 2045 275 2080 horribile
303 2046 404 2081 dictu
434 2067 474 2069 —
508 2047 676 2089 „generis
705 2046 855 2080 humani
883 2048 1194 2089 purgamentum·
1227 2045 1348 2079 dicere
1377 2054 1489 2079 ausae
1516 2045 1614 2078 sunt!

245 2106 373 2152 Quare
399 2117 468 2150 pro
496 2107 646 2149 Nostra,
675 2116 786 2151 quam
816 2106 896 2140 Iesu
926 2105 1064 2140 Christi
1093 2105 1148 2140 his
1168 2106 1203 2139 in
1224 2106 1327 2139 terris
1350 2104 1494 2138 vicario
1525 2102 1718 2144 debemus,
1747 2102 1882 2145 pietate

101 2155 135 2187 et
162 2163 230 2196 pro
258 2154 402 2196 studio,
443 2165 518 2198 quo
547 2155 628 2189 Nos
656 2154 789 2188 honori
817 2153 948 2197 populi
977 2153 1167 2194 catholici,
1195 2163 1305 2187 curae
1333 2152 1495 2186 Nostrae
1523 2151 1657 2191 traditi,
1685 2148 1881 2183 consulere

103 2202 264 2245 oportet,
292 2202 479 2236 eiusmodi
505 2202 744 2244 ignominiae,
785 2202 842 2236 cui
879 2202 913 2235 in
951 2199 1255 2245 ephemeridibus
1295 2199 1454 2244 publicis
1493 2209 1620 2242 parem
1650 2197 1747 2231 haud
1776 2196 1881 2231 t'acile

100 2249 266 2283 invenire
288 2249 405 2292 liceat,
434 2260 584 2294 quaque
612 2260 687 2283 non
715 2251 857 2284 tantum
889 2249 1184 2290 Catholicorum‚
1206 2258 1333 2282 verum
1354 2248 1462 2282 etiam
1488 2246 1706 2291 quorumvis
1727 2244 1880 2283 aliorum

101 2295 347 2331 honestorum
383 2297 577 2332 hominum
615 2297 726 2332 animi
760 2298 861 2339 gravi
902 2296 1113 2331 offensione
1141 2295 1365 2337 afficiuntur,
1395 2294 1610 2329 solemniter
1639 2293 1739 2327 hisce
1768 2291 1879 2326 reela*

100 2354 258 2379 mamus.

244 2404 421 2439 Eiusdem
450 2405 598 2447 generis
625 2404 898 2448 ephemerides,
935 2405 1028 2439 inter
1055 2414 1148 2447 quas
1186 2404 1345 2447 primum
1382 2402 1505 2436 locum
1534 2401 1632 2435 idem
1664 2399 1880 2441 „Slovenski

101 2451 251 2486 Narod“
283 2451 438 2494 obtinet,
478 2462 587 2486 suum
628 2462 712 2486 esse
752 2452 895 2486 ducunt
929 2452 1174 2487 sanctissimis
1212 2450 1399 2493 religionis
1437 2455 1587 2483 nostrae
1624 2447 1806 2492 mysteriis
1841 2457 1880 2480 se

101 2499 269 2541 ingerere
297 2502 408 2544 atque
436 2499 623 2534 Ecclesiae
650 2500 720 2534 Dei
749 2500 919 2534 ordinem
948 2502 983 2534 et
1009 2499 1173 2541 linguam
1202 2498 1322 2532 cultus
1351 2498 1464 2532 divini
1493 2495 1756 2540 praescribere.

246 2559 386 2593 Eadem
427 2559 642 2593 veneranda
682 2559 822 2594 Missae
862 2559 1053 2603 mysteria,
1102 2569 1197 2602 quae
1231 2558 1433 2601 antiquitus
1462 2556 1627 2591 Ecclesia
1664 2554 1880 2597 „disciplina

101 2606 241 2640 arcani“
275 2606 393 2641 oculis
420 2606 628 2651 prophanis
657 2606 903 2649 subducebat,
941 2606 1146 2641 hodiedum
1187 2616 1231 2640 ex
1265 2604 1421 2640 aedibus
1456 2605 1570 2638 sacris
1597 2604 1631 2637 in
1660 2602 1780 2636 iorum
1810 2612 1879 2644 pu-

99 2652 238 2688 blicum
266 2654 471 2696 trahuntur,
499 2653 563 2688 ubi
590 2653 733 2688 libidini
761 2653 937 2688 nationali
967 2656 1001 2688 et
1028 2653 1202 2697 politicae
1231 2655 1484 2696 exponantur!
1529 2651 1580 2685 Ex
1617 2650 1770 2693 antiquo
1808 2650 1877 2683 iani

101 2703 272 2744 tempore
299 2711 358 2736 res
385 2701 430 2736 ad
458 2701 641 2744 liturgiam
669 2704 884 2745 spectantes
912 2702 1023 2743 (sicut
1050 2704 1152 2744 patet
1180 2711 1235 2734 ex.
1256 2710 1307 2742 gr.
1328 2710 1372 2734 ex
1400 2699 1535 2741 agendi
1558 2699 1698 2732 ratione
1727 2708 1755 2731 s.
1785 2696 1878 2731 Gre-

101 2749 210 2791 gorii)
238 2751 361 2784 tantae
388 2749 577 2790 gravitatis
607 2749 752 2784 habitae
779 2752 878 2791 sunt,
906 2752 945 2783 ut
974 2749 1020 2783 de
1048 2749 1090 2783 iis
1117 2748 1260 2792 absque
1289 2746 1474 2790 peculiare
1503 2745 1659 2789 Spiritus
1688 2744 1722 2779 S.
1742 2744 1876 2778 auxilio

100 2796 355 2841 nequidquam
385 2796 587 2840 disponere
614 2797 758 2832 liceret:
796 2807 895 2831 nunc
923 2798 1046 2830 autem
1076 2797 1200 2839 partes
1228 2795 1394 2836 liturgiae
1423 2793 1653 2827 ordinandae
1682 2793 1745 2826 viri
1774 2801 1877 2825 assu-

100 2853 200 2878 mere
227 2844 369 2885 volunt,
397 2854 492 2888 quos
521 2845 671 2878 inimico
700 2845 734 2878 in
764 2844 965 2879 Ecclesiam
987 2843 1208 2878 catholicam
1237 2843 1361 2876 animo
1383 2841 1439 2875 vel
1461 2841 1587 2875 saltem
1608 2840 1730 2881 legum
1760 2838 1875 2872 eccle-

100 2891 331 2926 siasticarum
359 2892 522 2926 incurios
550 2902 633 2926 esse
660 2891 809 2935 publice
829 2894 992 2926 constat!
1021 2890 1094 2924 Viri
1118 2890 1322 2934 quondam,
1350 2889 1434 2922 licet
1455 2887 1621 2922 moribus
1643 2886 1876 2936 sanctissimi.

102 2937 241 2981 gloriae
268 2938 338 2973 Dei
367 2938 643 2974 studiosissime
670 2939 846 2984 plenique
875 2938 1011 2982 Spiritu
1040 2937 1177 2972 Sancto
1206 2938 1342 2977 essent,
1380 2937 1440 2979 qni
1469 2945 1536 2978 pro
1566 2935 1682 2968 salute
1710 2933 1873 2967 tideliunt

100 2985 158 3020 vel
185 2986 305 3030 ipsam
333 2988 491 3021 mortem
520 2988 650 3030 parato
678 2987 802 3021 animo
832 2986 1081 3030 oppetebant,
1109 2984 1351 3019 nihilominus
1375 2983 1555 3024 liturgiam
1583 2990 1724 3015 sacram
1754 2980 1876 3021 lingua

99 3033 219 3068 aliena
258 3032 414 3068 obibant
452 3044 574 3078 neque
615 3034 832 3078 persuaderi
869 3035 911 3068 iis
951 3035 1097 3076 poterat
1134 3042 1215 3066 eam
1257 3040 1372 3072 regno
1409 3030 1478 3064 Dei
1514 3027 1778 3071 promovendo
1820 3026 1874 3060 vel

99 3079 266 3115 fidelium
295 3081 422 3124 pietati
457 3080 644 3116 fovendae
673 3081 840 3122 obstare;
879 3080 1082 3115 hodiedum
1112 3089 1200 3114 vero
1238 3080 1367 3113 contra
1395 3077 1556 3119 linguam
1586 3076 1787 3115 liturgicant
1819 3074 1873 3108 vel

98 3127 146 3162 illi
173 3128 244 3172 ipsi
271 3128 501 3163 contendere
528 3128 679 3171 audent,
707 3130 769 3173 qui
797 3139 872 3163 non
903 3132 1044 3163 tantum
1075 3127 1261 3161 Ecclesiae
1290 3125 1494 3159 catholicae
1532 3134 1607 3156 non
1645 3122 1807 3157 student.
1838 3126 1875 3173 ut

99 3176 209 3210 etiam
237 3177 272 3210 et
298 3175 414 3210 verbo
448 3177 484 3210 et
517 3177 655 3220 scripto
694 3186 774 3211 eam
812 3176 1044 3219 impugnent,
1081 3175 1195 3208 immo
1225 3182 1346 3216 neque
1386 3172 1513 3206 minari
1552 3172 1746 3204 vereantur
1775 3179 1814 3203 se
1842 3178 1872 3202 ei

99 3222 352 3258 obedientiam
381 3222 645 3266 denegaturos‚
672 3224 741 3258 nisi
769 3224 935 3267 ipsorum
965 3221 1062 3256 votis
1091 3220 1340 3265 obsequatur!
