2243 3444
399 338 445 372 20
1009 337 1203 371 Fontes
1251 335 1504 382 Liturgiae

487 478 828 531 Pribogoljubne
850 478 1028 517 molitve
1055 477 1340 530 zgovarajuce
1362 489 1467 528 prvo
1499 476 1511 516 i
1532 488 1589 528 po
1614 477 1820 528 dospitku
1843 477 1947 518 Mise
1969 477 2145 519 s’dvor-
2199 475 2206 479 ’

347 536 563 588 nostyami
589 536 689 588 jiste
723 535 826 575 Mise
867 548 923 575 na
964 535 1080 575 svrhi
1122 536 1158 575 iz
1206 534 1424 585 Diackoga
1463 547 1492 573 u
1535 533 1751 574 Slovinski
1791 536 2054 576 stomacene.
2105 535 2143 576 U

351 594 516 634 Bnecih
548 592 895 633 MDGCXXXIV.

484 682 690 728 Exemplar
715 683 817 728 apud
842 683 884 717 V.
912 682 1104 717 Premuda
1130 681 1371 716 sacerdotem
1390 681 1535 716 Bescae
1558 681 1758 728 Veglensis
1777 681 2000 717 dioeceseos
2019 693 2146 717 asser-

351 732 494 764 vatum.

943 847 1012 885 48.
1045 846 1171 885 1734.
1202 844 1556 897 chstinopolitan.

487 937 533 977 In
567 937 732 989 synodo
768 937 1028 978 dioecesana
1058 937 1428 990 Justinopolitana
1457 939 1654 989 tempore
1686 935 1882 989 episcopi
1912 936 2142 979 Barnabae

351 1006 490 1047 Brutti
523 1006 738 1046 celebrata
772 1005 923 1058 Capite
954 1004 973 1046 I
1005 1007 1229 1047 statuitur:

489 1075 560 1125 „ln
608 1074 841 1115 Ruralibus
894 1074 1220 1116 parochialibus
1265 1076 1346 1115 illis
1398 1074 1704 1116 tantummodo
1756 1075 1911 1116 libellis
1965 1077 2144 1116 utantur

350 1135 546 1173 materno
576 1132 784 1172 idiomate
816 1145 895 1184 pro
929 1133 1210 1173 Rusticorum
1248 1133 1490 1185 capacitate
1516 1133 1642 1185 jussu
1683 1132 1842 1173 Nostro
1886 1146 1937 1173 ex
1981 1133 2144 1174 Bellar-
2182 1157 2186 1160 ⁴

349 1191 468 1230 mino
502 1190 743 1242 desumptis
777 1192 817 1230 et
850 1190 959 1242 typis
992 1191 1241 1241 nuperrime
1274 1190 1534 1243 impressis:⁸
1581 1189 1734 1242 Capite
1767 1203 1868 1231 vero
1901 1191 1978 1231 33:
2015 1189 2143 1241 „Pro-

348 1248 553 1288 movendi
595 1247 650 1287 ad
693 1247 899 1287 Ruralem
946 1247 1221 1290 parochiam.
1259 1248 1324 1288 vel
1369 1249 1424 1288 ad
1471 1248 1601 1288 aliam
1648 1247 1886 1292 Ecclesiam
1928 1247 1999 1289 cui
2039 1261 2145 1289 cura

345 1305 591 1345 animarum
623 1304 861 1351 immineat,
894 1306 1016 1358 cujus
1049 1306 1219 1347 Incolae
1251 1305 1416 1358 Illyrico
1450 1305 1659 1346 idiomate
1695 1305 1942 1358 loquentur,
1976 1305 2140 1347 exami-

347 1365 506 1403 nantur
537 1362 744 1403 idiomate
777 1362 879 1402 etim
911 1362 1113 1416 illyrico.“

355 1498 418 1532 136
455 1452 664 1532 13S-‘ynodus
691 1452 920 1488 dioecesana
943 1453 1279 1499 Justinopolissana
1304 1454 1394 1488 anni
1422 1454 1525 1497 17343
1549 1453 1728 1497 Pesante‚
1753 1454 1810 1488 La
1841 1453 2000 1500 liturgia
2024 1453 2134 1488 slava

826 1617 896 1656 49.
930 1617 1058 1665 1737,
1091 1617 1152 1656 27
1181 1616 1310 1665 Juffl,
1343 1617 1476 1657 Tlconi
1506 1616 1683 1657 Jadren.

488 1708 730 1749 Gravamen
763 1708 984 1748 Michaelis
1017 1709 1171 1749 Pelisic
1207 1709 1365 1761 prioris
1398 1722 1447 1750 ac
1489 1709 1675 1749 aliorum
1716 1709 2037 1750 monachorum
2068 1708 2147 1749 ab-

351 1778 495 1819 batiae
528 1777 606 1819 SS.
655 1776 841 1817 Cosmae
884 1778 925 1817 et
967 1777 1169 1818 Damiani
1212 1778 1261 1818 O.
1305 1778 1345 1818 S.
1389 1777 1612 1818 Benedicti
1652 1777 1696 1817 in
1736 1779 1886 1818 monte
1925 1776 2182 1818 Tkonensi>

347 1847 567 1887 Jadrensis
600 1846 866 1896 dioeceseos,
899 1848 1052 1887 contra
1084 1847 1389 1900 usurpationes
1422 1847 1680 1887 colonorum
1709 1859 1902 1894 suorum,
1925 1846 2146 1887 Provisori

350 1916 548 1957 Generali
591 1915 832 1956 Dalmatiae
874 1917 915 1955 et
951 1914 1166 1956 Albaniae
1212 1918 1476 1968 porrectum,
1522 1915 1847 1957 characteribus
1889 1913 2146 1967 glagoliticis

349 1985 650 2025 conscribitur.

485 2073 558 2110 Cfr.
596 2075 705 2117 Jelidz,
742 2074 864 2109 Arhiv
890 2074 1099 2120 Rogovske
1138 2074 1282 2120 opatiJ‘e
1319 2075 1358 2108 in
1392 2074 1636 2120 ephemeride
1672 2073 1852 2109 Viestnik
1886 2073 1969 2109 hrv.
2002 2061 2170 2108 arheolst·

347 2122 399 2158 dr.
428 2122 471 2155 N.
500 2121 533 2155 S.
560 2121 620 2154 ΠΙ
649 2120 779 2165 (1898),
803 2120 858 2154 SS.

975 2239 1044 2278 50.
1079 2240 1133 2277 17
1136 2240 1195 2278 37
1200 2272 1208 2288 ,
1239 2236 1515 2289 chstz'nopolz'.

488 2330 691 2384 Synodus
724 2329 994 2370 Dioecesana
1034 2329 1404 2382 Justinopolitana
1441 2331 1638 2381 tempore
1679 2329 1875 2382 episcopi
1914 2328 2144 2369 Barnabae

350 2400 488 2441 Brutti
524 2398 816 2440 Seminarium
846 2398 1165 2438 Dioecesanum
1198 2398 1441 2450 organizat:

490 2468 558 2518 „in
591 2480 677 2519 quo
710 2467 861 2507 sedulo
894 2470 1049 2507 vacent
1080 2467 1245 2507 alumni
1277 2467 1438 2519 illyrico
1472 2479 1649 2519 quoque
1692 2466 1924 2514 idiomate3
1964 2467 2014 2507 ut
2051 2465 2144 2518 apti

349 2529 390 2567 et
422 2526 567 2565 idonei
599 2525 838 2564 reddantur
870 2524 925 2564 ad
958 2525 1204 2565 animarum
1237 2537 1386 2565 curam
1417 2537 1495 2576 per
1525 2524 1615 2564 Nos
1649 2524 1813 2564 eisdem
1843 2536 1922 2564 suo
1947 2525 2144 2576 tempore

348 2582 717 2628 committendam,
751 2581 1033 2621 christianam
1066 2582 1343 2633 potissimum
1387 2581 1632 2622 doctrinam
1675 2583 1716 2621 et
1752 2581 1855 2622 fidei
1895 2581 2096 2621 rudimen

348 2640 598 2681 memoriter
629 2638 870 2687 addiscant,
902 2641 950 2679 ut
982 2641 1023 2679 et
1054 2639 1136 2692 ipsi
1168 2652 1328 2691 pueros
1361 2639 1600 2680 erudiant.“

489 2731 665 2772 Pesante,
692 2730 747 2763 La
771 2729 929 2774 liturgia
955 2729 1071 2765 slava.
1098 2729 1173 2763 134.

875 2858 938 2897 51.
971 2858 1101 2907 1735,
1134 2859 1189 2898 12
1225 2856 1425 2906 Octobris,
1457 2857 1632 2898 Jadrae.

484 2944 816 2986 Testimoniales
847 2943 1065 2984 Jadrensis
1097 2943 1414 2996 archiepiscopi
1446 2943 1660 2984 Vincentii
1691 2944 1910 2998 Zmajevic
1943 2944 1999 2985 ob
2031 2943 2140 2984 Mat-

348 3014 464 3054 thaei
495 3013 713 3054 Karaman
745 3013 798 3053 de
830 3013 977 3064 lingua
1009 3015 1049 3052 et
1082 3012 1208 3053 Clero
1238 3011 1407 3065 Illyrico
1440 3013 1605 3053 merita.

484 3081 735 3121 Vincentius
767 3084 846 3121 etc.
878 3081 1096 3121 Universis
1120 3084 1196 3121 etc.
1221 3083 1478 3122 attestamur
1500 3081 1932 3122 Reverendissimum
1956 3079 2120 3131 Martha

350 3152 448 3179 euni
481 3137 693 3180 Caraman
727 3151 748 3178 e
781 3138 943 3190 gremio
978 3138 1338 3190 Metropolitanae
1370 3139 1588 3179 Ecclesiae
1623 3138 1893 3191 Spalatensis
1925 3149 2094 3180 annoru
2124 3183 2126 3186 .

350 3196 402 3237 39
435 3196 604 3237 circiter
640 3219 681 3224 —
725 3219 764 3224 —
803 3195 970 3236 Deinde
1001 3208 1045 3235 se
1079 3195 1229 3249 lllyrici
1261 3196 1483 3237 idiomatis
1515 3196 1659 3237 studio
1691 3196 1870 3241 tradidit
1895 3219 1943 3225 —
1967 3219 2021 3225 -
2055 3195 2132 3239 to
