2191 3434
537 303 1083 353 Glagolito-Romanae
1131 305 1287 340 XVII.
1337 317 1373 340 s.
1767 306 1810 339 67

46 451 168 491 tanto
209 461 289 502 per
328 447 368 489 le
409 447 522 488 virtu
563 447 714 489 fisiche
756 461 778 488 e
821 447 975 489 morali
1018 447 1087 488 del
1133 446 1260 488 Clero
1306 448 1472 500 quanto
1504 458 1583 499 per
1613 446 1656 487 la
1686 446 1855 498 Lingua

45 505 216 558 Illirica,
249 505 358 547 ch'e
389 505 638 558 linguaggio
671 506 918 547 necessario
952 505 995 546 di
1029 504 1171 558 quelle
1192 505 1290 546 ville
1324 518 1346 545 e
1369 506 1476 556 pero
1508 503 1857 555 all'occorrenze

47 565 126 606 che
157 577 267 606 sono
300 563 516 617 frequenti
549 562 657 616 (non
688 563 987 617 praticandosi
1019 562 1130 604 nelle
1165 562 1278 604 Citta
1310 575 1332 602 e
1365 562 1499 603 Terre
1534 561 1648 602 della
1678 562 1851 603 Diocesi

45 623 105 664 tal
137 621 426 675 Linguaggio)
454 621 497 662 in
529 634 772 663 mancanza
804 622 848 663 di
880 621 998 663 Preti
1029 621 1179 663 idonei
1221 621 1407 673 bisogna
1437 619 1674 672 prevalersi
1707 619 1750 660 di
1776 633 1853 672 og·-

47 681 148 734 getti
182 693 273 721 non
315 679 408 720 solo
451 679 492 721 d’
512 679 655 721 alieno
688 680 907 731 Dominio,
950 692 1023 721 ma
1065 678 1331 721 sconosciuti
1377 691 1399 719 e
1431 677 1650 731 ignoranti
1684 690 1706 718 e
1740 691 1855 731 poco

46 751 179 780 meno
213 738 292 780 che
324 737 519 779 innetti.“

181 828 397 865 Archivum
422 828 642 875 episcopale
675 828 1064 876 JusffinopoHtanum,
1097 828 1171 864 Ms.
1209 827 1399 863 Erezione
1434 826 1496 863 del
1523 826 1757 871 Seminario;
1783 826 1856 863 Pe-

51 879 174 920 sante,
199 876 257 911 La
279 875 440 922 liturgia.
465 875 679 919 slava,132
703 887 732 911 s

538 1017 643 1058 236.
676 1017 801 1068 1691,
832 1017 895 1058 28
925 1014 1057 1067 Maii,
1088 1014 1365 1069 Justinopoli.

182 1109 428 1163 Episcopus
469 1109 868 1163 Justinopolitanus
910 1109 978 1151 Fr.
1023 1109 1187 1151 Paulus
1229 1108 1405 1150 Naldini
1450 1107 1627 1161 Giorgio
1673 1107 1857 1150 Baichin

43 1179 235 1234 plebano
269 1178 517 1221 Carcauzze
547 1179 682 1221 libros
713 1179 1002 1233 parochiales,
1046 1192 1158 1233 quos
1199 1179 1429 1232 hucusque
1469 1178 1650 1220 abusive
1696 1177 1858 1220 slavica

44 1249 193 1302 lingua
225 1249 425 1300 duxerat,
457 1249 599 1291 italice
633 1249 925 1299 conscribere,
957 1249 1092 1291 iubet.

182 1339 365 1385 Marcich‚
390 1339 659 1388 Archeografo
685 1340 893 1385 Triestim,
919 1340 1020 1385 1887,
1045 1339 1138 1376 fasc.
1166 1341 1199 1376 2.

711 1483 817 1524 237
850 1483 982 1532 1693,
1013 1480 1186 1525 Romae.

183 1575 317 1630 Typis
349 1576 393 1618 S.
436 1575 800 1629 Congregationis
842 1575 974 1628 Prop
1016 1575 1139 1617 Fidei
1181 1575 1505 1617 Abecedarium
1545 1575 1852 1629 Glagoliticum

47 1646 128 1688 sub
161 1645 287 1689 titulo
323 1645 571 1696 „Psaltiric“
608 1645 873 1699 publicatur.

182 1736 212 1772 Ι.
237 1736 382 1781 Βοτόἰὸ,
409 1731 574 1774 Oitanka
599 1736 803 1773 staroslav.
826 1736 958 1783 jezika
982 1737 1086 1784 Prag
1112 1737 1211 1781 1864,
1236 1749 1271 1783 p.
1300 1736 1394 1772 XVI
1420 1740 1459 1773 et
1483 1736 1538 1772 88.

679 1890 784 1932 238.
817 1891 948 1941 1693,
981 1889 1223 1932 Aemonien.

182 1983 428 2037 Episcopus
460 1982 768 2025 Aemoniensis
800 1981 1008 2025 Nicolaus
1030 1981 1067 2024 II
1092 1982 1282 2025 Gabrieli
1303 1982 1349 2024 in
1370 1982 1626 2026 Visitatione
1660 1982 1852 2038 generali

49 2052 274 2096 Canonica
305 2052 496 2094 invenit:

188 2133 434 2186 „Tribanot
466 2146 526 2175 un
559 2133 856 2177 Schiavetto“.

183 2226 360 2270 Pesante,
386 2225 443 2261 La
467 2225 627 2272 liturgia
651 2225 771 2270 slava,
799 2225 877 2260 140.

564 2379 667 2421 239.
703 2379 830 2430 1695,
863 2379 922 2420 25
953 2377 1083 2432 Maji,
1117 2378 1315 2432 Teryesti.

185 2471 375 2514 Joannes
406 2471 541 2514 Trani
573 2471 807 2526 episcopus
837 2471 1120 2524 Tergestinus
1161 2470 1204 2512 in
1246 2470 1459 2512 relatione
1493 2469 1764 2512 Visitationis
1797 2470 1854 2512 ad

51 2539 221 2583 Limina
250 2541 567 2595 Apostolorum
601 2540 645 2583 S.
681 2539 837 2594 Gongr.
873 2539 1054 2583 Ooncilii
1087 2541 1142 2582 de
1184 2542 1299 2582 statu
1333 2540 1588 2582 dioeceseos
1621 2540 1851 2581 certiorem

51 2610 250 2662 reddens,
303 2611 430 2653 refert
474 2611 595 2665 quod
637 2609 848 2653 Canonici
887 2610 1131 2663 Tergestini
1173 2623 1323 2651 curam
1367 2610 1612 2651 animarum
1666 2611 1847 2662 agentes

193 2703 451 2757 „plurimum
495 2704 760 2759 adjuvantur
803 2717 828 2745 a
860 2702 1062 2745 Patribus
1105 2703 1338 2744 Societatis
1373 2702 1509 2757 (Jesu)
1545 2703 1586 2744 in
1621 2701 1853 2744 audiendis

47 2761 399 2808 confessionibus
431 2761 596 2811 Italico,
642 2761 902 2804 Germanico
946 2764 988 2803 et
1019 2761 1174 2803 Illirico
1225 2774 1427 2802 sermone
1458 2760 1613 2812 (16982
1648 2763 1735 2802 tam
1771 2760 1855 2801 Ita-

51 2817 148 2869 lico,
180 2833 312 2874 quarn
345 2819 606 2862 Sclauonico
641 2820 890 2874 idiomate),
923 2819 966 2860 in
999 2819 1247 2862 assistentia
1280 2819 1566 2867 infirmorum,
1602 2819 1643 2859 in
1678 2818 1855 2859 concio-

48 2875 180 2918 vnibus
211 2878 374 2919 Illiricis
405 2878 585 2931 singulis
629 2878 767 2919 dielus
807 2877 981 2919 festivis.
1029 2901 1074 2907 —
1098 2902 1152 2907 —
1195 2877 1292 2918 Non
1336 2877 1508 2918 modice
1542 2876 1672 2918 etiam
1706 2875 1854 2916 Patres

54 2933 287 2988 Capuccini
339 2935 553 2978 habentes
599 2939 868 2978 conuentum
912 2938 1033 2977 extra
1075 2935 1252 2976 moenia
1296 2934 1479 2976 civitatis
1524 2935 1579 2975 ad
1624 2946 1853 2974 nuineiurn

54 2991 164 3034 ultra
196 2993 530 3043 duodenarium,
564 2994 766 3036 laborant
800 2998 892 3035 tum
924 2994 966 3034 in
1010 2993 1285 3034 concionado
1336 2992 1490 3034 Illirico
1525 2992 1733 3032 idiomate
1766 2991 1853 3031 sin-

0 3102 1 3105 *
56 3049 162 3103 gulis
195 3051 350 3093 diebus
380 3051 499 3093 festis
530 3052 573 3093 in
618 3052 799 3094 ecclesia
830 3051 876 3092 B.
912 3051 966 3092 M.
1010 3050 1196 3103 Viiginis
1228 3053 1526 3103 nuncupata,
1528 3049 1612 3099 del
1647 3061 1777 3090 mire.
1787 3051 1851 3089 ...“

189 3142 466 3177 Authenticum
492 3144 529 3177 in
566 3144 735 3194 Arcliivo
764 3144 797 3177 S.
838 3143 948 3187 Consg
936 3154 976 3175 rr
1006 3141 1166 3175 Concilii
1198 3142 1233 3175 in
1273 3141 1479 3176 Ts'tbulaiio
1510 3141 1538 3172 Χ
1544 3142 1618 3174 itit·
1625 3151 1714 3182 mog
1739 3139 1854 3185 juxta

0 3183 2 3232 ¹,
55 3188 318 3235 apographum
344 3189 611 3224 Crncicianum
637 3189 728 3226 anni
755 3189 852 3224 1892.
879 3188 1014 3223 Idem
1007 3200 1044 3221 in
1070 3187 1259 3222 relatione
1286 3188 1375 3222 anui
1404 3188 1457 3221 10¹<
1450 3189 1501 3220 lS.
