2191 3434
560 281 1164 328 Glagolito-Romanae
1202 284 1295 320 XIX.
1325 296 1352 320 s.
1726 287 1790 322 159

58 437 338 479 millenarium
363 438 434 479 SS.
457 439 600 491 Cyrilli
627 444 665 479 et
687 440 892 480 Methodii
913 441 1106 491 sequenti
1130 453 1242 480 anno
1263 442 1509 481 solemniter
1533 443 1837 483 celebrandum

59 510 322 550 adhibitione
358 511 481 550 etiam
517 511 689 561 linguae
723 510 902 551 slavicae
938 513 976 551 in
1012 511 1142 552 sacris
1177 513 1216 551 in
1251 514 1445 552 universa
1480 513 1648 553 Croatia
1683 519 1721 553 et
1754 513 1839 554 Sla-

59 582 198 630 vonia,
233 583 273 621 in
310 580 537 622 cathedrali
572 583 848 633 Zagrabiensi
885 581 1063 634 epistola
1112 587 1151 623 et
1195 585 1463 634 evangellum
1499 582 1652 623 slavice
1687 586 1839 624 decan-

56 657 204 704 tantur,
239 657 474 704 cantusque
520 654 702 693 slavicus
748 667 843 694 cum
890 655 1049 694 musica
1096 667 1214 694 sacra
1260 655 1483 694 adhibetur
1530 656 1568 694 in
1617 656 1838 695 missarum

57 723 358 765 celebratione.

198 794 418 838 Ephemeris
448 794 628 831 Katolicki
656 794 742 837 List,
772 795 874 837 1864,
903 795 948 830 Ν.
968 795 1006 830 9;
1035 794 1197 837 Tkalcic‚
1227 794 1432 830 Slavensko
1465 795 1686 840 bogosluije
1714 807 1736 830 u
1766 796 1838 831 Ητ-

57 841 215 886 vatskoj,
242 841 389 884 Zagreb
420 842 523 884 1904,
550 843 595 878 99
623 852 671 877 ss.

645 986 710 1028 67
728 998 771 1028 α.
811 986 949 1037 1863,
986 986 1267 1041 Zagrabiae.

198 1069 484 1111 Millenarium
529 1069 599 1110 SS.
627 1069 770 1122 Cyrilli
805 1074 843 1110 et
876 1071 1084 1111 Methodii
1118 1072 1284 1123 sylloge
1319 1070 1689 1112 elucubrationum
1715 1085 1836 1112 occa-

57 1141 300 1191 sionalium‚
345 1144 449 1182 inter
483 1154 588 1192 quas
634 1143 945 1192 „Introductio“
996 1144 1019 1183 l.
1057 1143 1303 1194 Kukuljevic'
1337 1143 1564 1191 Sakcinski,
1619 1144 1838 1193 „Activitas

57 1216 247 1255 litteraria
284 1214 354 1254 SS.
392 1212 534 1266 Cyrilli
570 1215 610 1253 in
645 1215 878 1254 Methodii“
919 1216 1130 1256 Franciski
1166 1216 1304 1263 Rackl‚
1345 1216 1645 1265 „Evangelium
1680 1217 1719 1255 in
1754 1216 1837 1255 slo-

53 1288 200 1327 venica
232 1286 455 1326 versione‘·‘
485 1286 532 1325 V.
557 1285 673 1336 Jagic
698 1290 735 1326 et
763 1286 993 1335 „Officium
1030 1286 1099 1327 SS.
1127 1285 1270 1338 Cyrilli
1307 1290 1345 1326 et
1368 1287 1600 1326 Methodii“
1627 1288 1682 1326 Μ.
1704 1287 1837 1326 Mesic'

55 1360 255 1409 eminent,
290 1363 665 1398 commemoratur.
1006 1415 1013 1424 Ι

198 1427 400 1464 Tisuc'nica
427 1427 656 1472 slox*Je11skih
686 1427 884 1471 apostolah
914 1438 966 1463 sv.
989 1427 1101 1462 Cirila
1127 1429 1137 1462 i
1165 1427 1333 1470 Metoda,
1361 1426 1506 1470 Zagreb
1537 1428 1637 1462 1863.

549 1573 601 1614 7]
621 1584 662 1613 a.
704 1572 839 1623 1869,
876 1573 905 1614 3
937 1570 1336 1627 Ap1·llis‚Jaclme.

199 1658 497 1698 Ordinariatus
549 1657 764 1708 Jadrensis
820 1661 1066 1709 neomystae
1118 1655 1256 1696 Blasio
1308 1656 1552 1697 Cvitanovic'
1601 1655 1836 1697 facultatem

56 1731 228 1770 missam
264 1727 741 1780 Glagolito-Romanam
777 1727 1021 1768 celebrandi
1057 1730 1300 1779 impertitur.

117 1825 198 1865 NO-
236 1827 333 1865 577⁸
460 1883 508 1924 ΑΙ
545 1884 795 1927 Reverendo
832 1884 930 1923 Don
966 1885 1112 1934 ssiflgio
1149 1884 1437 1924 Cvittanovich

689 1955 920 1995 Sacerdote
956 1956 1202 1996 Diocesano

1585 2016 1623 2053 in
1658 2014 1774 2053 Zara.

197 2099 377 2139 Avendo
413 2097 497 2139 Ella
532 2099 780 2138 dimostrato
812 2099 852 2137 di
876 2111 1019 2138 essere
1054 2099 1432 2138 sufficientemente
1463 2099 1622 2138 istruito
1649 2098 1701 2137 ed
1725 2109 1836 2137 eser-

56 2160 179 2199 citato
225 2157 335 2199 nelle
371 2160 616 2199 ceremonie
652 2157 762 2197 della
797 2157 919 2198 Santa
964 2159 1104 2198 Messa
1152 2159 1346 2198 secondo
1392 2159 1415 2197 il
1465 2157 1647 2197 Messale
1694 2157 1833 2196 Slavo-

56 2219 153 2258 nico
200 2219 408 2267 Romano,
455 2217 497 2258 lo
543 2219 748 2258 scrivente
783 2219 835 2257 La
870 2219 1079 2258 autorizza
1115 2218 1155 2257 di
1190 2219 1355 2257 servirsi
1391 2218 1431 2257 di
1467 2221 1619 2267 questo
1654 2215 1835 2256 Messalc

56 2290 132 2328 per
177 2278 393 2318 celebrare
427 2279 495 2318 nei
530 2279 667 2328 giorni
704 2278 744 2317 di
778 2278 880 2317 festa
915 2290 936 2317 e
972 2279 1008 2317 le
1044 2290 1183 2318 messe
1218 2281 1377 2317 cantate
1412 2278 1545 2317 anche
1579 2275 1662 2316 neli
1698 2278 1835 2326 gIOrni

55 2338 198 2377 feriali.

199 2396 342 2437 Dovra
384 2395 733 2437 esclusivamente
767 2398 934 2437 servirsi
982 2395 1049 2436 del
1085 2395 1267 2436 Messale
1318 2409 1339 2436 e
1386 2409 1462 2447 per
1504 2408 1662 2435 nessun
1707 2400 1834 2435 conto

56 2454 172 2496 dello
214 2455 451 2497 Schiavetto
493 2460 655 2496 eccetto
698 2457 776 2496 che
825 2469 900 2507 per
946 2460 1111 2496 cantare
1153 2455 1176 2495 il
1213 2455 1405 2506 Vangelo
1443 2469 1463 2496 e
1499 2456 1522 2494 l'
1546 2455 1729 2505 Epistola
1769 2455 1834 2494 cui

57 2513 142 2555 Ella
192 2517 326 2567 prima
374 2515 505 2556 dovra
551 2514 726 2566 leggere
768 2516 834 2555 dal
870 2514 1055 2556 Messale
1103 2520 1254 2564 stesso,
1303 2517 1391 2556 cosi
1440 2527 1544 2565 pure
1587 2527 1673 2554 non
1717 2513 1835 2564 potra

55 2573 164 2615 nella
198 2579 330 2615 stessa
365 2588 502 2615 messa
538 2576 703 2615 servirsi
739 2574 806 2615 del
842 2574 1024 2615 Messale
1060 2576 1186 2614 latino
1222 2588 1243 2615 e
1279 2575 1347 2614 del
1384 2573 1564 2615 Messale
1595 2573 1832 2613 Slavonico.

569 2633 676 2674 Dall’
699 2635 973 2675 Ordinariato
1008 2635 1321 2674 Arcivescovile

198 2718 315 2766 Zara,
351 2719 375 2758 3
409 2716 551 2768 Aprile
592 2719 700 2758 1869

1107 2777 1244 2816 pietro
1280 2777 1439 2815 Doimo
1475 2776 1772 2814 Arcivescovo.

55 2904 121 2939 Vl
163 2857 465 2942 RAuthenticum
508 2858 608 2901 apud
650 2857 813 2893 Blasiuin
844 2857 1078 2899 Cvitaiiovic',
1118 2857 1457 2891 administratorem
1502 2855 1753 2899 parochialem
1799 2856 1831 2888 in

91 2905 135 2939 ei
195 2906 242 2940 at.

696 3003 747 3042 7]
770 3001 807 3043 b.
850 3001 984 3051 1870,
1020 2999 1199 3041 Labaci.

200 3085 535 3134 Evangeliarium
593 3085 735 3135 lingua
789 3083 1002 3124 slovenica
1051 3081 1210 3131 vulgari
1258 3083 1497 3122 auctoritate
1550 3080 1831 3120 ecclesiastica

59 3167 137 3204 pro
173 3167 251 3195 usu
288 3168 410 3195 sacro
447 3156 699 3195 Labacensis
733 3156 989 3194 dioeceseos
1023 3153 1228 3203 vulgatur,
1266 3154 1344 3191 sub
1379 3152 1515 3192 titulo:

200 3226 333 3265 Berila
369 3225 418 3266 ali
455 3228 548 3266 Listi
570 3225 621 3265 >in
648 3225 860 3276 Evangelji
892 3239 936 3264 za
967 3225 1132 3274 nedelje
1158 3226 1195 3263 in
1220 3225 1427 3273 praznike.
1465 3223 1677 3273 Ljubljana
1709 3223 1827 3261 1870.
