2243 3444
370 314 416 348 80
986 312 1165 346 Fontes
1192 311 1435 353 Liturgiae

323 457 579 497 Secretarius
624 469 864 507 supremus,
910 457 970 495 vir
1006 456 1062 495 ob
1100 457 1308 505 insignem
1349 456 1644 504 eruditionem,
1679 456 1800 506 cujus
1845 454 1972 496 multa
2015 456 2099 495 do-

321 521 513 556 cumenta
569 517 725 566 scripto
778 514 1050 565 reliquerant,
1105 518 1234 554 aetate
1287 527 1361 554 sua
1412 513 1787 563 celebratissimus,
1836 518 2000 565 praeter
2033 516 2098 555 in-

322 577 488 625 signem
535 573 778 625 particulam
825 573 864 613 S.
903 574 1066 621 Crucis,
1109 575 1147 612 in
1194 586 1298 624 pura
1345 586 1469 613 aurea
1514 586 1666 623 magna
1715 586 1840 613 cruce
1886 572 2097 614 inclusam

322 638 448 684 (quae
479 635 609 673 hodie
643 635 682 672 in
721 631 907 672 Ecclesia
940 633 1168 672 Brunensis
1199 635 1321 680 extat)
1358 633 1479 672 etiam
1506 633 1724 672 brachium
1757 632 1796 672 S.
1822 631 1965 685 Cyrilli
1997 634 2099 672 Mo—

322 695 454 732 raviae
494 691 702 743 Apostoli,
743 704 894 741 magna
930 695 1127 741 argentea
1160 692 1280 731 theca
1320 695 1512 731 ornatum
1551 690 1788 741 „Ecclesiae
1828 690 2097 742 Collegiatae:

322 752 391 792 SS.
418 753 522 791 Petri
557 756 594 791 et
628 752 741 790 Pauii
775 751 937 789 Brunae
973 751 1090 789 dono
1126 751 1280 790 dedit.‘⁴
1317 751 1382 790 Ab
1417 752 1502 790 hoc
1534 754 1727 801 tempore
1760 751 1982 791 thesaurus
2022 751 2099 791 hic.

320 823 439 850 sacer
471 809 714 850 fidelissime
748 811 787 848 in
822 808 1007 849 Ecclesia
1031 814 1261 849 memorata
1297 810 1628 858 custodiebatur,
1669 814 1792 860 atque
1834 810 2096 860 quibusdam

322 871 360 908 in
395 868 742 917 solemnitatibus,
777 869 1022 918 praesertim
1068 870 1107 908 in
1153 869 1260 908 festo
1301 868 1370 908 SS.
1398 867 1540 920 Cyrilli
1583 873 1622 908 et
1665 870 1872 908 Methodii
1918 867 2096 920 publice

320 929 609 979 exponebatur
642 926 830 967 fidelium
866 926 1017 967 osculo
1042 928 1334 968 honorandus.
1369 929 1516 967 Testes
1538 929 1664 967 hqus
1687 932 1783 967 sunt
1810 929 2091 978 ,‚Inventaria“·

319 989 498 1037 antiqua,
534 999 641 1037 quae
675 987 921 1026 adhucdum
963 991 1203 1037 supersunt.
1245 986 1312 1026 Sic
1356 988 1395 1026 in
1439 988 1676 1026 lnventariis
1716 988 1843 1026 latino
1890 999 2096 1027 sermone:

319 1048 482 1096 scriptis
516 1047 568 1085 de
602 1059 636 1085 a.
665 1048 787 1093 1625,
829 1047 951 1093 1646,
999 1047 1106 1086 1655
1154 1050 1514 1086 commemoratur
1559 1047 1807 1096 „Brachium
1841 1050 2095 1096 argenteum

317 1118 413 1144 cum
448 1104 647 1155 Reliquiis
673 1105 712 1145 S.
734 1103 876 1156 Cyrilli
899 1106 1111 1144 Moraviae
1130 1104 1371 1156 Apostoli“;
1394 1107 1489 1145 item
1515 1106 1554 1144 in
1578 1106 1816 1145 lnventariis
1840 1106 2090 1156 germanico

318 1165 517 1204 idiomate
544 1165 717 1204 exaratis
740 1177 774 1203 a.
806 1166 928 1212 1751,
957 1166 1079 1213 1793,
1103 1166 1226 1216 1801,
1255 1167 1362 1204 1805
1388 1165 1581 1204 scribitur
1603 1165 1850 1213 „Brachium
1875 1164 1915 1204 S.
1933 1162 2098 1217 Cyrilli,

320 1224 533 1263 Moraviae
567 1221 776 1274 Apostoli,
811 1227 987 1272 argento
1022 1222 1272 1263 inclusum.“

459 1283 742 1322 Veruntamen
778 1283 816 1321 in
852 1284 1081 1322 lnventario
1116 1295 1150 1322 a.
1182 1285 1284 1322 1811
1325 1287 1491 1322 exarato
1527 1286 1565 1322 et
1586 1280 1760 1333 reliquis
1783 1283 2099 1322 recent10ribus·

317 1340 428 1380 nulla
472 1341 653 1392 amplius
699 1343 856 1380 menno
899 1343 1024 1381 huius
1067 1343 1197 1382 sancti
1240 1342 1401 1381 Brachii
1458 1343 1652 1381 occurrit.
1701 1341 1847 1382 Quum
1893 1343 2089 1381 nimirum

318 1413 428 1440 anno
457 1403 578 1449 1811,
603 1404 645 1440 ut
668 1398 958 1451 reipubblicae
981 1402 1190 1440 continuis
1214 1399 1336 1440 bellis
1352 1401 1554 1440 adversus
1570 1399 1869 1451 Napoleonem
1890 1401 2100 1450 gerendis-

318 1461 541 1499 exhaustae
575 1464 903 1508 succurreretur,
939 1458 1151 1500 Ecclesiae
1182 1458 1519 1511 suppellectilem
1542 1464 1783 1510 argenteam
1807 1461 1892 1499 fere
1917 1472 2090 1500 ornnem

318 1517 507 1569 pubblici
541 1520 684 1558 aerarii
725 1519 874 1558 usibus
913 1520 1076 1558 tradere
1123 1520 1379 1567 iuberentur,
1427 1521 1548 1558 etiam
1595 1517 1780 1559 Ecclesia
1827 1517 2093 1559 Cathedralis

317 1579 544 1617 Brunensis
578 1590 875 1628 quaecumque
908 1591 1004 1618 vasa
1038 1591 1155 1618 sacra
1175 1579 1386 1628 Argentea
1411 1581 1509 1627 (una
1540 1579 1810 1618 monstrantia
1833 1591 1909 1618 seu
1934 1578 2099 1618 Osten-

318 1638 432 1676 sorio
469 1650 546 1687 pro
581 1637 650 1677 SS.
677 1637 947 1677 Sacramento
983 1640 1174 1688 excepta)
1216 1642 1254 1677 et
1293 1639 1416 1688 proin
1457 1639 1579 1677 etiam
1620 1641 1861 1687 argenteam
1907 1638 2096 1686 thecam,

317 1697 355 1734 in
391 1708 472 1746 qua
507 1697 724 1736 brachium
759 1696 798 1736 S.
825 1695 967 1748 Cyrilli
1002 1695 1211 1737 inclusum
1247 1701 1344 1745 erat,
1379 1696 1562 1747 publicis
1595 1697 1744 1736 usibus
1772 1697 1950 1736 tradidit.
1987 1696 2085 1736 Qua

318 1757 559 1803 occasione,
583 1756 700 1805 quod
727 1757 905 1795 maxime
928 1755 1164 1795 dolendum
1185 1761 1258 1804 est,
1282 1757 1420 1806 ipsum
1445 1759 1634 1795 sanctum
1659 1756 1892 1804 brachium,
1917 1757 2096 1804 incuria,

313 1813 605 1854 verosimiliter
639 1815 859 1863 Canonici,
895 1816 965 1865 qui
998 1819 1097 1855 tunc
1122 1815 1325 1855 Custodis
1349 1828 1503 1855 munus
1537 1815 1694 1863 obibat,
1720 1815 1988 1865 deperditum
2013 1818 2086 1863 est,

316 1885 395 1912 nec
441 1886 640 1923 unquam,
682 1886 768 1913 non
816 1874 1081 1914 obstantibus
1124 1875 1515 1924 investigationibus
1562 1873 1893 1924 diligentissimis
1938 1874 2093 1914 seriori.

315 1936 506 1982 temqore
541 1934 744 1981 institutis,
781 1934 921 1983 detegi
956 1935 1101 1983 potuit.

457 1992 520 2030 De
540 1996 681 2031 cetero
702 1993 740 2031 in
760 1993 1020 2032 Monasterio
1041 1993 1325 2044 Rayhradensi
1351 1993 1427 2032 Or.
1449 1992 1487 2032 S.
1511 1993 1725 2032 Benedicti
1745 2003 1882 2042 prope
1906 1993 2092 2032 Brunam.

315 2055 546 2089 asservatur
570 2051 621 2090 ad
645 2052 758 2090 hunc
792 2064 928 2101 usque
964 2052 1075 2091 dIem
1111 2050 1310 2102 particula
1348 2052 1427 2101 „de
1453 2052 1627 2091 brachio
1652 2051 1691 2091 S.
1718 2049 1860 2102 Cyrilli
1884 2052 2086 2101 Episcopi

316 2110 586 2149 Moravorum
605 2109 843 2160 Apostoli“,
870 2123 996 2160 quam
1014 2109 1255 2161 Capitulum
1280 2112 1510 2159 Brunense,
1546 2115 1588 2150 ut
1621 2109 1805 2160 sigillum
1831 2112 1921 2150 eius
1945 2111 2085 2149 adhuc

315 2166 504 2207 illaesum
539 2173 576 2208 et
609 2170 823 2219 inscriptio
858 2174 1039 2218 testatur,
1075 2168 1247 2210 saeculo
1281 2171 1415 2217 XVIII,
1450 2173 1685 2209 memorato
1720 2170 1980 2209 Monasterio
2007 2169 2085 2208 do-

315 2231 491 2266 naverat.
528 2229 643 2267 Haec
676 2229 862 2268 referens
896 2233 1020 2279 atque
1045 2230 1214 2269 intimos
1247 2229 1604 2279 profundissimae
1627 2229 1908 2268 venerationis
1934 2240 2095 2268 sensus-

318 2285 483 2324 insimul
519 2288 721 2336 profitens
756 2300 852 2327 cum
887 2301 1087 2327 manuum
1123 2286 1274 2328 osculo
1309 2300 1551 2338 persevero.

841 2372 1095 2411 Eminentiae
1129 2375 1223 2411 tuae
1258 2369 1560 2410 Illustrissimae

433 2452 770 2492 Eminentissimo
806 2466 854 2492 ac
887 2452 1095 2493 Illussimo
1344 2451 1616 2493 Humillimus
1650 2456 1688 2492 et
1722 2452 2027 2492 devotissimus

555 2523 742 2562 Domino
778 2524 966 2563 Domino
1467 2529 1490 2571 †
1524 2522 1705 2564 Carolus
1739 2524 1943 2573 Noetting

316 2593 543 2632 Dominico
578 2593 617 2632 S.
641 2595 684 2636 R.
706 2595 747 2633 E.
773 2593 984 2634 Cardinali
1009 2593 1235 2634 Bartolinio
1602 2595 1842 2645 Episcopus

1283 2667 1454 2708 Romae.

315 2778 343 2814 R
456 2732 838 2813 ng'tloliggbhllemorie
858 2735 995 2768 storico
1013 2734 1161 2769 critiche
1181 2734 1227 2768 ed
1255 2733 1541 2776 archeologiche
1561 2733 1619 2768 dei
1633 2732 1695 2768 SS.
1713 2732 1839 2767 Cirillo
1859 2743 1878 2768 e
1897 2732 2093 2775 Metodio,.

347 2788 431 2812 oma
554 2805 563 2820 ,
686 2790 734 2814 ss.

853 2912 928 2954 89.
967 2905 1103 2963 1881,
1137 2913 1179 2953 5.
1203 2910 1332 2965 sulii,
1355 2910 1542 2965 jadrae.

455 3014 641 3055 Solemni
658 3018 812 3057 Missae
830 3016 1284 3068 Glagolito-Romanae
1301 3019 1340 3057 in
1360 3018 1428 3057 die
1442 3018 1548 3057 festo
1573 3017 1641 3057 SS.
1661 3015 1803 3069 Cyrilli
1820 3020 1858 3056 et
1873 3015 2092 3056 Methodiiss

315 3086 354 3123 in
390 3084 567 3125 ecclesia
601 3086 639 3126 S.
665 3087 883 3127 Michaelis
916 3090 1039 3128 Tertii
1075 3087 1252 3128 Ordinls
1291 3088 1331 3128 S.
1357 3089 1577 3137 Francisci,
1611 3088 1975 3138 Archiepiscopus
2018 3087 2090 3137 13--

314 3156 477 3195 drensis
512 3157 655 3196 Petrus
688 3158 900 3198 Domnius
933 3160 1110 3209 Maupas
1144 3157 1436 3210 pontificaliter
1469 3159 1626 3198 adsisit.

456 3230 617 3272 Prodan,
646 3230 769 3265 Borba
796 3242 838 3266 za
865 3232 1060 3275 glagolicu,
1086 3233 1218 3276 Jadrae
1248 3232 1348 3274 1900,
1378 3232 1456 3267 193.
