2191 3434
570 101 1116 149 Glagolito-Romanae
1143 98 1232 134 XIV
1259 109 1289 133 s.
1823 99 1865 130 11

170 251 320 286 Ioannis
347 248 542 294 Dlugossii
569 258 636 281 seu
670 246 829 290 Longini
852 245 1021 278 canonici
1049 242 1311 278 Cracoviensis
1339 242 1529 275 Historiae
1564 240 1765 274 Polonicae
1787 240 1867 274 libri

29 299 113 340 XII,
140 299 187 332 ad
225 297 477 332 veterinorum
505 295 684 329 librorum
734 294 1074 340 manuscriptorum
1116 290 1228 323 fidem
1267 289 1468 326 recensuit,
1498 289 1606 321 variis
1644 288 1868 321 lectionibus

29 346 410 388 annotationibusque
438 343 614 377 instruxit
640 341 807 387 Ignatius
834 341 976 386 Zegota
1002 338 1116 379 Pauli,
1143 348 1236 371 cura
1256 342 1293 371 et
1314 337 1493 379 impensis
1516 335 1720 369 Alexandri
1743 337 1868 369 Przez—

29 394 184 435 dziecki,
206 393 409 428 Cracoviae
437 393 539 430 1876,
566 390 675 424 Tom.
703 389 764 430 ΙΙΙ,
791 389 872 422 Lib.
900 388 952 422 lX
980 392 1017 421 et
1040 387 1074 420 X
1102 386 1161 420 Ad
1189 395 1329 422 annum
1358 386 1460 418 1390.
1489 383 1618 428 (Libro
1649 382 1699 426 X)
1728 394 1761 425 p.
1790 386 1868 417 487,

737 557 802 596 23.
836 557 955 595 1391,
998 542 1152 594 Veglen

168 633 395 684 Proprium
429 629 693 671 Sanctorum
735 627 1048 682 Glagoliticum
1100 625 1441 673 Verbenicense,
1492 624 1728 664 Verbenici
1783 623 1870 663 Ve-

29 705 191 758 glensis
224 704 484 743 dioeceseos
517 703 576 741 uti
609 701 791 748 videtur,
824 699 1122 739 conscribitur.

170 773 195 807 Ι.
222 771 351 806 Bercic'
378 763 537 806 Citanka
563 770 761 804 staroslov.
785 768 908 814 jezika
936 769 1039 812 Prag.
1068 768 1170 807 1864,
1198 777 1232 809 p.
1262 766 1342 800 XII.
1370 770 1408 799 et
1435 768 1477 799 57
1506 776 1533 799 s,

614 938 680 979 271.
727 936 1017 977 1391——1392,
1049 922 1283 975 Ragusien.

0 1063 1 1067 Ἰ
170 1012 358 1053 Decreta
390 1011 670 1067 Raguhsiensis
713 1009 1009 1061 Reipublicae,
1061 1022 1116 1048 ex
1160 1009 1319 1060 quibus
1363 1007 1580 1060 liturgiam
1632 1006 1874 1060 Glagolito-

0 1084 273 1130 {Romanam
307 1084 348 1122 in
382 1082 598 1134 parochiis
632 1082 819 1122 foraneis
851 1094 929 1132 per
974 1081 1215 1120 districtum
1264 1085 1454 1119 veterem
1507 1085 1549 1118 et
1599 1079 1873 1122 peninsulam

0 1140 1 1211 l
29 1155 223 1210 Peljesac
256 1156 402 1208 vigere
434 1161 564 1206 patet.

0 1226 1 1251 ³
934 1224 962 1263 I.

176 1298 300 1346 1391,
351 1297 422 1337 die
469 1297 621 1336 ultimo
670 1296 774 1348 julii.
825 1295 1075 1347 Dopminus
1126 1294 1336 1334 Radovan
1389 1294 1446 1334 de
1498 1293 1612 1339 Zara,
1664 1294 1876 1344 presbiter

30 1357 316 1406 schlavichus,
349 1358 390 1396 in
425 1357 579 1396 minori
614 1356 810 1403 consilio,
843 1368 966 1395 more
999 1355 1127 1394 solito
1163 1361 1443 1408 congregato,
1487 1354 1717 1405 praecibus
1740 1360 1781 1392 et
1814 1354 1876 1391 in-

0 1416 2 1445 *
31 1417 184 1456 stantia
217 1418 414 1456 omnium
448 1415 758 1455 Rustichorum
793 1415 930 1463 Breni,
963 1421 1166 1465 receptus
1200 1413 1279 1453 fuit
1310 1415 1351 1453 in
1403 1413 1677 1453 sacerdotem
1732 1412 1876 1463 capel-

0 1477 2 1518 l
31 1477 178 1516 lanum
211 1476 349 1526 Breni,
382 1475 527 1515 donec
561 1475 728 1522 vixerit,
761 1487 860 1514 cum
895 1474 1049 1514 salario
1083 1472 1294 1514 Comunis
1328 1481 1369 1512 et
1402 1473 1493 1512 aliis
1535 1472 1876 1524 obventionibus

0 1552 2 1557 ’
32 1536 269 1588 capallanie
300 1534 438 1583 Breni,
472 1536 705 1583 consuetis,
738 1542 780 1574 et
813 1534 935 1586 quod
969 1533 1170 1573 salarium
1204 1546 1331 1572 suurn
1365 1533 1542 1584 incipiat
1592 1546 1614 1571 a
1667 1532 1737 1571 die
1789 1545 1877 1570 cra-

0 1598 2 1650 ξ
31 1597 158 1642 stino,
190 1596 332 1647 primo
366 1595 527 1634 mensis
559 1595 742 1648 augusti,
776 1601 817 1633 et
850 1593 1010 1633 debeat
1043 1594 1123 1632 sibi
1168 1592 1258 1632 dari
1304 1592 1360 1632 de
1412 1599 1599 1644 quatuor
1651 1592 1876 1630 mensibus

0 1654 3 1699 ἶ
32 1656 74 1694 in
107 1662 293 1708 quatuor
324 1666 500 1694 menses
531 1667 611 1706 pro
645 1660 743 1693 rata.
777 1652 862 1704 Qui
895 1653 1134 1704 dopminus
1168 1652 1432 1691 Radovanus
1466 1653 1527 1691 sic
1573 1652 1814 1702 acceptavit
1836 1658 1878 1690 et

0 1723 2 1760 l
33 1727 80 1755 se
112 1714 321 1767 obligavit
353 1713 545 1754 officiare
579 1715 619 1753 in
654 1713 807 1753 Breno.

0 1778 2 1802 Ι

935 1796 982 1835 ΙΙ.

0 1879 3 1910 l
178 1869 302 1917 1:³92,
335 1868 406 1908 die
439 1869 591 1920 quinto
626 1869 776 1908 martii.
808 1867 1058 1919 Dopminus
1090 1866 1355 1907 Radovanus
1398 1866 1453 1906 de
1494 1866 1633 1919 jadra,
1666 1866 1879 1918 presbiter

0 1917 4 1994 Ι
34 1927 288 1977 sclavichus,
321 1928 571 1980 capellanus
603 1928 741 1975 Breni,
774 1934 1004 1979 promotus
1038 1927 1115 1966 suit
1148 1926 1205 1966 de
1250 1926 1365 1965 dicta
1411 1926 1649 1977 capellania
1700 1932 1741 1965 et
1792 1925 1878 1964 fac-

0 1994 103 2048 :tus
136 1988 385 2039 capellanus
419 1986 618 2028 Gravosii
657 2000 755 2027 curn
792 1987 958 2036 salario,
991 1986 1326 2038 provisionibus,
1372 1985 1516 2025 modis
1568 1992 1609 2024 et
1661 1984 1878 2025 conditio-

0 2063 4 2085 ι
35 2048 175 2097 nibus,
207 2048 366 2099 quibus
399 2047 478 2086 fuit
511 2051 679 2099 positus
713 2054 755 2086 et
787 2048 903 2086 stetit
935 2059 1014 2098 pro
1058 2058 1248 2085 comune
1293 2045 1386 2098 ejus
1430 2045 1719 2096 predecessor
1760 2057 1878 2096 pres-

0 2106 5 2158 ᾗ
35 2107 146 2147 biter
177 2106 450 2146 schlavichus
484 2107 735 2158 capellanus
768 2106 885 2146 dicte
908 2106 1146 2157 capellanie
1168 2106 1406 2157 dopminus
1428 2105 1692 2144 Radovanus
1715 2104 1876 2143 dictam

3 2172 5 2213 l
37 2166 322 2218 capellaniam
355 2167 609 2217 acceptavit,
643 2174 684 2206 et
730 2166 844 2205 illam
879 2179 926 2205 se
960 2165 1116 2217 optulit
1167 2171 1209 2204 et
1254 2164 1461 2217 obligavit
1511 2163 1718 2213 officiare,
1768 2177 1878 2215 prou

37 2226 295 2266 tenebantur
327 2226 395 2265 alii
430 2226 654 2277 capellani.

932 2296 998 2336 III.

178 2367 427 2420 Dopminus
461 2368 622 2416 Petrus,
655 2368 867 2419 presbiter
899 2367 1154 2416 sclavichus,
1188 2369 1228 2406 in
1275 2367 1434 2407 eodem
1488 2367 1643 2406 minori
1697 2366 1879 2405 consilio

39 2434 240 2479 receptus
273 2428 351 2467 fuit
384 2429 425 2466 in
459 2428 741 2479 capellaniam
777 2427 901 2467 Breni
934 2427 1034 2467 loco
1069 2428 1172 2466 dicti
1205 2427 1407 2478 dopmini
1441 2426 1678 2466 Radovani.

928 2522 999 2562 IV.

181 2594 229 2634 In
262 2594 414 2648 majori
448 2594 630 2634 consilio
665 2594 736 2634 die
769 2594 836 2634 27.
866 2594 944 2646 juli
998 2593 1121 2634 1392.
1155 2593 1295 2633 Prima
1348 2605 1445 2645 pars
1497 2600 1574 2642 est,
1625 2593 1680 2632 de
1732 2591 1879 2632 dando

41 2652 260 2693 arbitrium
294 2661 336 2693 et
368 2654 547 2693 liberam
581 2655 883 2694 auctoritatem
918 2653 1100 2693 domino
1134 2653 1309 2693 Rectori
1345 2660 1386 2692 et
1428 2652 1522 2704 ejus
1569 2653 1722 2691 minori
1777 2664 1881 2691 con-

43 2711 138 2751 silio
169 2713 444 2764 presentibus
476 2720 518 2753 et
551 2712 703 2753 futuris
755 2713 1002 2752 inveniendi
1055 2712 1320 2764 presbiteros
1373 2711 1616 2751 sclavichos
1668 2718 1709 2750 et
1761 2712 1880 2762 ipsos

42 2771 236 2823 ponendi
267 2785 344 2824 per
376 2772 619 2812 districtum
653 2772 829 2826 Ragusii
875 2779 916 2812 et
948 2778 1156 2824 punctam
1191 2770 1354 2824 Stagni,
1388 2773 1461 2811 ubi
1494 2773 1555 2810 eis
1588 2771 1814 2810 videbitur.

185 2851 387 2886 Archivum
416 2853 660 2897 Ragusinum,
689 2853 853 2886 Decreta
882 2852 1034 2887 Consilli
1062 2852 1212 2886 Maioris
1240 2857 1276 2885 et
1304 2852 1468 2887 Minoris,
1496 2852 1579 2884 anni
1609 2854 1697 2884 1:501
1737 2862 1756 2882 c
1779 2853 1879 2885 1302.

44 2908 141 2943 quae
168 2899 286 2933 edidit
311 2900 505 2943 professor
532 2902 574 2935 A.
592 2900 750 2933 Vucetic'
779 2901 812 2933 in
842 2900 1086 2943 ephemeride
1115 2900 1333 2934 ›Slovinae‹
1363 2902 1452 2932 1882
1474 2899 1514 2932 N.
1534 2904 1563 2932 2.
1593 2909 1625 2940 p.
1656 2903 1750 2931 [zius.
1779 2904 1814 2930 et
1844 2899 1878 2930 in

8 2974 9 2981 ,
43 2946 286 2989 ephemeride
314 2948 390 2981 »La
414 2948 602 2981 Dalmazia
628 2948 832 2982 Cattoliczu
855 2951 952 2981 ,1882
990 2947 1118 2991 (Xlll),
1147 2950 1184 2980 5⁰
1210 2958 1244 2990 p.
1273 2950 1303 2981 3.
1334 2967 1374 2970 —
1405 2948 1524 2979 Bri-no
1566 2946 1663 2978 idest
1703 2946 1879 2987 parochia

7 2996 9 3005 “
44 2993 114 3027 sub
159 2994 292 3038 Brg'ato
331 2995 678 3039 comprehendebat
723 2996 841 3029 varias
870 2995 1086 3028 fractiones:
1135 2994 1394 3039 Mandalijvna,
1431 2993 1613 3032 (irbavac,
1643 2992 1875 3025 Mai-tinovici
