<?xml version="1.0" encoding="UTF-8"?>
<!DOCTYPE html PUBLIC "-//W3C//DTD XHTML 1.0 Transitional//EN"
    "http://www.w3.org/TR/xhtml1/DTD/xhtml1-transitional.dtd">
<html xmlns="http://www.w3.org/1999/xhtml" xml:lang="en" lang="en">
 <head>
  <title>
</title>
<meta http-equiv="Content-Type" content="text/html;charset=utf-8" />
  <meta name='ocr-system' content='tesseract 3.04.00' />
  <meta name='ocr-capabilities' content='ocr_page ocr_carea ocr_par ocr_line ocrx_word'/>
</head>
<body>
  <div class='ocr_page' id='page_1' title='image "./fonteshistoricil00jeliuoft_0286.png"; bbox 0 0 2243 3444; ppageno 0'>
   <div class='ocr_carea' id='block_1_1' title="bbox 370 318 1476 364">
    <p class='ocr_par' dir='ltr' id='par_1_1' title="bbox 370 318 1476 364">
     <span class='ocr_line' id='line_1_1' title="bbox 370 318 1476 364; baseline 0.002 -14"><span class='ocrx_word' id='word_1_1' title='bbox 370 322 414 356; x_wconf 85' lang='lat'>42</span> <span class='ocrx_word' id='word_1_2' title='bbox 995 318 1178 354; x_wconf 78' lang='lat' dir='ltr'>Fontes</span> <span class='ocrx_word' id='word_1_3' title='bbox 1227 319 1476 364; x_wconf 66' lang='lat' dir='ltr'>Licurgiae</span> 
     </span>
    </p>
   </div>
   <div class='ocr_carea' id='block_1_2' title="bbox 963 458 1470 508">
    <p class='ocr_par' dir='ltr' id='par_1_2' title="bbox 963 458 1470 508">
     <span class='ocr_line' id='line_1_2' title="bbox 963 458 1470 508; baseline 0 -10"><span class='ocrx_word' id='word_1_4' title='bbox 963 460 1035 499; x_wconf 81' lang='grc'>83.</span> <span class='ocrx_word' id='word_1_5' title='bbox 1068 460 1197 508; x_wconf 77' lang='grc'>1762,</span> <span class='ocrx_word' id='word_1_6' title='bbox 1232 458 1470 499; x_wconf 73' lang='lat' dir='ltr'>Aemonien.</span> 
     </span>
    </p>
   </div>
   <div class='ocr_carea' id='block_1_3' title="bbox 325 549 2115 673">
    <p class='ocr_par' dir='ltr' id='par_1_3' title="bbox 325 549 2115 673">
     <span class='ocr_line' id='line_1_3' title="bbox 461 549 2115 610; baseline 0.001 -18"><span class='ocrx_word' id='word_1_7' title='bbox 461 552 702 604; x_wconf 69' lang='lat' dir='ltr'>Episcopus</span> <span class='ocrx_word' id='word_1_8' title='bbox 734 549 1038 591; x_wconf 78' lang='lat' dir='ltr'>Aemoniensis</span> <span class='ocrx_word' id='word_1_9' title='bbox 1070 551 1111 591; x_wconf 89' lang='lat' dir='ltr'>in</span> <span class='ocrx_word' id='word_1_10' title='bbox 1135 550 1257 591; x_wconf 79' lang='lat' dir='ltr'>Istria</span> <span class='ocrx_word' id='word_1_11' title='bbox 1277 551 1525 602; x_wconf 77' lang='lat' dir='ltr'>Stephanus</span> <span class='ocrx_word' id='word_1_12' title='bbox 1547 551 1583 591; x_wconf 88' lang='grc' dir='ltr'>ΙΙ</span> <span class='ocrx_word' id='word_1_13' title='bbox 1615 551 1748 592; x_wconf 78' lang='lat' dir='ltr'>Leoni</span> <span class='ocrx_word' id='word_1_14' title='bbox 1782 553 1826 592; x_wconf 91' lang='lat' dir='ltr'>in</span> <span class='ocrx_word' id='word_1_15' title='bbox 1859 552 2115 610; x_wconf 86' lang='lat' dir='ltr'>Visitatione</span> 
     </span>
     <span class='ocr_line' id='line_1_4' title="bbox 325 619 1015 673; baseline -0.006 -10"><span class='ocrx_word' id='word_1_16' title='bbox 325 621 513 673; x_wconf 82' lang='lat' dir='ltr'>generali</span> <span class='ocrx_word' id='word_1_17' title='bbox 546 620 771 661; x_wconf 89' lang='lat' dir='ltr'>Canonica</span> <span class='ocrx_word' id='word_1_18' title='bbox 801 619 1015 661; x_wconf 78' lang='lat' dir='ltr'>decernit:</span> 
     </span>
    </p>
   </div>
   <div class='ocr_carea' id='block_1_4' title="bbox 466 712 2112 766">
    <p class='ocr_par' dir='ltr' id='par_1_4' title="bbox 466 712 2112 766">
     <span class='ocr_line' id='line_1_5' title="bbox 466 712 2112 766; baseline 0.002 -14"><span class='ocrx_word' id='word_1_19' title='bbox 466 713 729 762; x_wconf 87' lang='lat' dir='ltr'>„Momiano:</span> <span class='ocrx_word' id='word_1_20' title='bbox 755 712 828 753; x_wconf 82' lang='lat' dir='ltr'>Sia</span> <span class='ocrx_word' id='word_1_21' title='bbox 850 715 1101 765; x_wconf 86' lang='lat' dir='ltr'>comperato</span> <span class='ocrx_word' id='word_1_22' title='bbox 1121 725 1177 752; x_wconf 93' lang='lat' dir='ltr'>un</span> <span class='ocrx_word' id='word_1_23' title='bbox 1197 712 1376 753; x_wconf 88' lang='lat' dir='ltr'>Messale</span> <span class='ocrx_word' id='word_1_24' title='bbox 1394 712 1446 752; x_wconf 88' lang='lat' dir='ltr'>ed</span> <span class='ocrx_word' id='word_1_25' title='bbox 1465 712 1754 754; x_wconf 89' lang='lat' dir='ltr'>accomodato</span> <span class='ocrx_word' id='word_1_26' title='bbox 1774 713 1801 753; x_wconf 88' lang='lat' dir='ltr'>il</span> <span class='ocrx_word' id='word_1_27' title='bbox 1820 712 2112 766; x_wconf 87' lang='lat' dir='ltr'>Schiavetto‚“</span> 
     </span>
    </p>
   </div>
   <div class='ocr_carea' id='block_1_5' title="bbox 464 802 1142 848">
    <p class='ocr_par' dir='ltr' id='par_1_5' title="bbox 464 802 1142 848">
     <span class='ocr_line' id='line_1_6' title="bbox 464 802 1142 848; baseline 0 -12"><span class='ocrx_word' id='word_1_28' title='bbox 464 803 642 845; x_wconf 52' lang='lat' dir='ltr'>Postume,</span> <span class='ocrx_word' id='word_1_29' title='bbox 667 802 724 836; x_wconf 85' lang='lat' dir='ltr'>La</span> <span class='ocrx_word' id='word_1_30' title='bbox 748 802 907 848; x_wconf 73' lang='lat' dir='ltr'>liturgia</span> <span class='ocrx_word' id='word_1_31' title='bbox 932 802 1040 837; x_wconf 81' lang='lat' dir='ltr'>slava</span> <span class='ocrx_word' id='word_1_32' title='bbox 1067 803 1142 837; x_wconf 73' lang='lat'>140.</span> 
     </span>
    </p>
   </div>
   <div class='ocr_carea' id='block_1_6' title="bbox 846 906 1588 979">
    <p class='ocr_par' dir='ltr' id='par_1_6' title="bbox 846 906 1588 979">
     <span class='ocr_line' id='line_1_7' title="bbox 846 906 1588 979; baseline 0.001 -8"><span class='ocrx_word' id='word_1_33' title='bbox 846 932 917 971; x_wconf 79' lang='lat'>84.</span> <span class='ocrx_word' id='word_1_34' title='bbox 945 932 1076 979; x_wconf 81' lang='lat'>1762,</span> <span class='ocrx_word' id='word_1_35' title='bbox 1110 906 1323 971; x_wconf 77' lang='lat' dir='ltr'>Momiam&#39;</span> <span class='ocrx_word' id='word_1_36' title='bbox 1351 931 1588 972; x_wconf 75' lang='lat' dir='ltr'>Aemonien.</span> 
     </span>
    </p>
   </div>
   <div class='ocr_carea' id='block_1_7' title="bbox 325 1016 2118 1204">
    <p class='ocr_par' dir='ltr' id='par_1_7' title="bbox 325 1016 2118 1204">
     <span class='ocr_line' id='line_1_8' title="bbox 463 1016 2116 1078; baseline 0.001 -13"><span class='ocrx_word' id='word_1_37' title='bbox 463 1016 615 1077; x_wconf 83' lang='lat' dir='ltr'>Zupan</span> <span class='ocrx_word' id='word_1_38' title='bbox 646 1023 779 1064; x_wconf 83' lang='lat' dir='ltr'>Burin</span> <span class='ocrx_word' id='word_1_39' title='bbox 812 1024 867 1065; x_wconf 83' lang='lat' dir='ltr'>ab</span> <span class='ocrx_word' id='word_1_40' title='bbox 900 1024 1107 1076; x_wconf 87' lang='lat' dir='ltr'>episcopo</span> <span class='ocrx_word' id='word_1_41' title='bbox 1149 1023 1433 1064; x_wconf 86' lang='lat' dir='ltr'>Aemoniensi</span> <span class='ocrx_word' id='word_1_42' title='bbox 1475 1024 1700 1077; x_wconf 83' lang='lat' dir='ltr'>Stephano</span> <span class='ocrx_word' id='word_1_43' title='bbox 1741 1023 1778 1064; x_wconf 89' lang='lat' dir='ltr'>II</span> <span class='ocrx_word' id='word_1_44' title='bbox 1818 1024 1952 1066; x_wconf 85' lang='lat' dir='ltr'>Leoni</span> <span class='ocrx_word' id='word_1_45' title='bbox 1996 1025 2116 1078; x_wconf 82' lang='lat' dir='ltr'>petit,</span> 
     </span>
     <span class='ocr_line' id='line_1_9' title="bbox 325 1093 2118 1146; baseline 0 -11"><span class='ocrx_word' id='word_1_46' title='bbox 325 1097 373 1135; x_wconf 91' lang='lat' dir='ltr'>ut</span> <span class='ocrx_word' id='word_1_47' title='bbox 403 1095 656 1146; x_wconf 74' lang='lat' dir='ltr'>presbytero</span> <span class='ocrx_word' id='word_1_48' title='bbox 698 1093 927 1146; x_wconf 80' lang='lat' dir='ltr'>Brajkovic</span> <span class='ocrx_word' id='word_1_49' title='bbox 968 1093 1145 1134; x_wconf 85' lang='lat' dir='ltr'>missam</span> <span class='ocrx_word' id='word_1_50' title='bbox 1185 1093 1319 1134; x_wconf 88' lang='lat' dir='ltr'>latina</span> <span class='ocrx_word' id='word_1_51' title='bbox 1359 1093 1506 1145; x_wconf 85' lang='lat' dir='ltr'>lingua</span> <span class='ocrx_word' id='word_1_52' title='bbox 1549 1093 1703 1134; x_wconf 87' lang='lat' dir='ltr'>diebus</span> <span class='ocrx_word' id='word_1_53' title='bbox 1734 1093 1974 1136; x_wconf 84' lang='lat' dir='ltr'>Dominicis</span> <span class='ocrx_word' id='word_1_54' title='bbox 2005 1094 2118 1136; x_wconf 89' lang='grc'>3313-</span> 
     </span>
     <span class='ocr_line' id='line_1_10' title="bbox 325 1162 724 1204; baseline -0.005 -1"><span class='ocrx_word' id='word_1_55' title='bbox 325 1164 452 1204; x_wconf 85' lang='lat' dir='ltr'>brare</span> <span class='ocrx_word' id='word_1_56' title='bbox 484 1162 724 1203; x_wconf 86' lang='lat' dir='ltr'>interdicat.</span> 
     </span>
    </p>
   </div>
   <div class='ocr_carea' id='block_1_8' title="bbox 326 1250 2119 1343">
    <p class='ocr_par' dir='ltr' id='par_1_8' title="bbox 326 1250 2119 1335">
     <span class='ocr_line' id='line_1_11' title="bbox 462 1250 2119 1303; baseline 0.002 -17.016"><span class='ocrx_word' id='word_1_57' title='bbox 462 1254 506 1287; x_wconf 71' lang='lat' dir='ltr'>A.</span> <span class='ocrx_word' id='word_1_58' title='bbox 542 1252 690 1288; x_wconf 80' lang='lat' dir='ltr'>Klodic&#39;·</span> <span class='ocrx_word' id='word_1_59' title='bbox 730 1252 928 1286; x_wconf 76' lang='lat' dir='ltr'>Slavische</span> <span class='ocrx_word' id='word_1_60' title='bbox 950 1250 1132 1303; x_wconf 39' lang='lat' dir='ltr'>&#39;Spiache</span> <span class='ocrx_word' id='word_1_61' title='bbox 1169 1252 1244 1285; x_wconf 87' lang='lat' dir='ltr'>und</span> <span class='ocrx_word' id='word_1_62' title='bbox 1282 1252 1495 1286; x_wconf 73' lang='lat' dir='ltr'>Litteratur</span> <span class='ocrx_word' id='word_1_63' title='bbox 1528 1253 1581 1294; x_wconf 50' lang='lat' dir='ltr'>tin</span> <span class='ocrx_word' id='word_1_64' title='bbox 1613 1252 1792 1299; x_wconf 86' lang='lat' dir='ltr'>Istrien);</span> <span class='ocrx_word' id='word_1_65' title='bbox 1830 1253 1870 1287; x_wconf 88' lang='grc'>111</span> <span class='ocrx_word' id='word_1_66' title='bbox 1904 1265 2019 1300; x_wconf 85' lang='lat' dir='ltr'>opere</span> <span class='ocrx_word' id='word_1_67' title='bbox 2045 1253 2119 1289; x_wconf 81' lang='lat' dir='ltr'>Die</span> 
     </span>
     <span class='ocr_line' id='line_1_12' title="bbox 326 1283 1830 1343; baseline 0.001 -9"><span class='ocrx_word' id='word_1_68' title='bbox 326 1298 670 1334; x_wconf 79' lang='lat' dir='ltr'>oesterreichische</span> <span class='ocrx_word' id='word_1_69' title='bbox 696 1298 918 1333; x_wconf 86' lang='lat' dir='ltr'>Monarchie</span> <span class='ocrx_word' id='word_1_70' title='bbox 946 1298 986 1332; x_wconf 91' lang='lat' dir='ltr'>in</span> <span class='ocrx_word' id='word_1_71' title='bbox 1012 1298 1062 1331; x_wconf 80' lang='lat' dir='ltr'>W</span> <span class='ocrx_word' id='word_1_72' title='bbox 1064 1304 1126 1333; x_wconf 78' lang='lat' dir='ltr'>ort</span> <span class='ocrx_word' id='word_1_73' title='bbox 1150 1298 1228 1332; x_wconf 88' lang='lat' dir='ltr'>und</span> <span class='ocrx_word' id='word_1_74' title='bbox 1255 1298 1351 1337; x_wconf 87' lang='lat' dir='ltr'>Bild</span> <span class='ocrx_word' id='word_1_75' title='bbox 1378 1298 1446 1333; x_wconf 88' lang='lat' dir='ltr'>Bd.</span> <span class='ocrx_word' id='word_1_76' title='bbox 1470 1299 1726 1343; x_wconf 78' lang='lat' dir='ltr'>Kustenland,</span> <span class='ocrx_word' id='word_1_77' title='bbox 1751 1283 1830 1335; x_wconf 91' lang='grc'>240.</span> 
     </span>
    </p>
   </div>
   <div class='ocr_carea' id='block_1_9' title="bbox 985 1437 1449 1488">
    <p class='ocr_par' dir='ltr' id='par_1_9' title="bbox 985 1437 1449 1488">
     <span class='ocr_line' id='line_1_13' title="bbox 985 1437 1449 1488; baseline -0.004 -8"><span class='ocrx_word' id='word_1_78' title='bbox 985 1441 1054 1482; x_wconf 86' lang='grc'>85,</span> <span class='ocrx_word' id='word_1_79' title='bbox 1090 1440 1217 1488; x_wconf 86' lang='grc'>1765,</span> <span class='ocrx_word' id='word_1_80' title='bbox 1258 1437 1449 1480; x_wconf 74' lang='lat' dir='ltr'>Venetiis.</span> 
     </span>
    </p>
   </div>
   <div class='ocr_carea' id='block_1_10' title="bbox 326 1531 2117 1653">
    <p class='ocr_par' dir='ltr' id='par_1_10' title="bbox 326 1531 2117 1653">
     <span class='ocr_line' id='line_1_14' title="bbox 462 1531 2117 1584; baseline 0 -11"><span class='ocrx_word' id='word_1_81' title='bbox 462 1531 652 1573; x_wconf 76' lang='lat' dir='ltr'>Danielis</span> <span class='ocrx_word' id='word_1_82' title='bbox 697 1531 857 1573; x_wconf 88' lang='lat' dir='ltr'>Farlati</span> <span class='ocrx_word' id='word_1_83' title='bbox 896 1531 938 1572; x_wconf 88' lang='lat' dir='ltr'>S.</span> <span class='ocrx_word' id='word_1_84' title='bbox 973 1532 1004 1572; x_wconf 87' lang='lat' dir='ltr'>J.</span> <span class='ocrx_word' id='word_1_85' title='bbox 1049 1532 1102 1572; x_wconf 90' lang='lat' dir='ltr'>de</span> <span class='ocrx_word' id='word_1_86' title='bbox 1134 1534 1290 1572; x_wconf 79' lang='lat' dir='ltr'>natura</span> <span class='ocrx_word' id='word_1_87' title='bbox 1327 1531 1515 1583; x_wconf 80' lang='lat' dir='ltr'>juridica</span> <span class='ocrx_word' id='word_1_88' title='bbox 1546 1531 1745 1584; x_wconf 82' lang='lat' dir='ltr'>liturgiae</span> <span class='ocrx_word' id='word_1_89' title='bbox 1788 1532 2117 1584; x_wconf 83' lang='lat' dir='ltr'>Glagolito-Ro-</span> 
     </span>
     <span class='ocr_line' id='line_1_15' title="bbox 326 1600 1678 1653; baseline -0.001 -11"><span class='ocrx_word' id='word_1_90' title='bbox 326 1613 483 1642; x_wconf 89' lang='lat' dir='ltr'>manae</span> <span class='ocrx_word' id='word_1_91' title='bbox 515 1601 558 1642; x_wconf 92' lang='lat' dir='ltr'>in</span> <span class='ocrx_word' id='word_1_92' title='bbox 590 1600 816 1653; x_wconf 79' lang='lat' dir='ltr'>provincia</span> <span class='ocrx_word' id='word_1_93' title='bbox 848 1601 1140 1642; x_wconf 87' lang='lat' dir='ltr'>ecclesiastica</span> <span class='ocrx_word' id='word_1_94' title='bbox 1172 1600 1419 1653; x_wconf 85' lang='lat' dir='ltr'>Spalatensi</span> <span class='ocrx_word' id='word_1_95' title='bbox 1451 1601 1678 1641; x_wconf 89' lang='lat' dir='ltr'>sententia.</span> 
     </span>
    </p>
   </div>
   <div class='ocr_carea' id='block_1_11' title="bbox 322 1692 2120 2777">
    <p class='ocr_par' dir='ltr' id='par_1_11' title="bbox 322 1692 2120 2487">
     <span class='ocr_line' id='line_1_16' title="bbox 467 1692 2118 1746; baseline 0.001 -13"><span class='ocrx_word' id='word_1_96' title='bbox 467 1692 616 1742; x_wconf 89' lang='lat' dir='ltr'>„Nunc</span> <span class='ocrx_word' id='word_1_97' title='bbox 648 1696 793 1733; x_wconf 88' lang='lat' dir='ltr'>autem</span> <span class='ocrx_word' id='word_1_98' title='bbox 831 1706 935 1733; x_wconf 86' lang='lat' dir='ltr'>usus</span> <span class='ocrx_word' id='word_1_99' title='bbox 975 1693 1147 1744; x_wconf 83' lang='lat' dir='ltr'>linguae</span> <span class='ocrx_word' id='word_1_100' title='bbox 1188 1705 1238 1733; x_wconf 90' lang='lat' dir='ltr'>ac</span> <span class='ocrx_word' id='word_1_101' title='bbox 1269 1693 1467 1744; x_wconf 76' lang='lat' dir='ltr'>liturgiae</span> <span class='ocrx_word' id='word_1_102' title='bbox 1509 1693 1767 1735; x_wconf 85' lang='lat' dir='ltr'>Slavonicae</span> <span class='ocrx_word' id='word_1_103' title='bbox 1806 1694 1970 1746; x_wconf 89' lang='lat' dir='ltr'>passim</span> <span class='ocrx_word' id='word_1_104' title='bbox 2001 1694 2118 1746; x_wconf 88' lang='lat' dir='ltr'>viget</span> 
     </span>
     <span class='ocr_line' id='line_1_17' title="bbox 326 1750 2115 1803; baseline 0.001 -13"><span class='ocrx_word' id='word_1_105' title='bbox 326 1750 369 1790; x_wconf 91' lang='lat' dir='ltr'>in</span> <span class='ocrx_word' id='word_1_106' title='bbox 403 1750 576 1802; x_wconf 79' lang='lat' dir='ltr'>oppidis</span> <span class='ocrx_word' id='word_1_107' title='bbox 598 1750 792 1803; x_wconf 81' lang='lat' dir='ltr'>vicisque</span> <span class='ocrx_word' id='word_1_108' title='bbox 824 1750 1152 1791; x_wconf 87' lang='lat' dir='ltr'>mediterraneis</span> <span class='ocrx_word' id='word_1_109' title='bbox 1185 1753 1226 1789; x_wconf 88' lang='lat' dir='ltr'>et</span> <span class='ocrx_word' id='word_1_110' title='bbox 1257 1750 1406 1791; x_wconf 83' lang='lat' dir='ltr'>insulis</span> <span class='ocrx_word' id='word_1_111' title='bbox 1440 1751 1568 1791; x_wconf 88' lang='lat' dir='ltr'>etiam</span> <span class='ocrx_word' id='word_1_112' title='bbox 1600 1750 1855 1792; x_wconf 84' lang='lat' dir='ltr'>Dalmatiae.</span> <span class='ocrx_word' id='word_1_113' title='bbox 1890 1775 1938 1781; x_wconf 94' lang='lat'><strong>—</strong></span> <span class='ocrx_word' id='word_1_114' title='bbox 1972 1776 2019 1780; x_wconf 97' lang='lat'><strong>—</strong></span> <span class='ocrx_word' id='word_1_115' title='bbox 2050 1751 2115 1792; x_wconf 89' lang='lat' dir='ltr'>Ita</span> 
     </span>
     <span class='ocr_line' id='line_1_18' title="bbox 328 1807 2120 1861; baseline 0.001 -14"><span class='ocrx_word' id='word_1_116' title='bbox 328 1808 599 1848; x_wconf 78' lang='lat' dir='ltr'>consuetudo</span> <span class='ocrx_word' id='word_1_117' title='bbox 642 1807 713 1848; x_wconf 90' lang='grc'>1113</span> <span class='ocrx_word' id='word_1_118' title='bbox 755 1807 983 1849; x_wconf 89' lang='lat' dir='ltr'>Slavonice</span> <span class='ocrx_word' id='word_1_119' title='bbox 1023 1807 1236 1861; x_wconf 87' lang='lat' dir='ltr'>psallendi</span> <span class='ocrx_word' id='word_1_120' title='bbox 1279 1810 1320 1848; x_wconf 89' lang='lat' dir='ltr'>et</span> <span class='ocrx_word' id='word_1_121' title='bbox 1361 1807 1647 1856; x_wconf 84' lang='lat' dir='ltr'>sacrificandi,</span> <span class='ocrx_word' id='word_1_122' title='bbox 1690 1809 1933 1850; x_wconf 89' lang='lat' dir='ltr'>corretione</span> <span class='ocrx_word' id='word_1_123' title='bbox 1973 1808 2120 1861; x_wconf 89' lang='lat' dir='ltr'>aliqua</span> 
     </span>
     <span class='ocr_line' id='line_1_19' title="bbox 327 1865 2117 1919; baseline 0.002 -15"><span class='ocrx_word' id='word_1_124' title='bbox 327 1865 536 1913; x_wconf 83' lang='lat' dir='ltr'>adhibita,</span> <span class='ocrx_word' id='word_1_125' title='bbox 570 1877 667 1905; x_wconf 89' lang='lat' dir='ltr'>cum</span> <span class='ocrx_word' id='word_1_126' title='bbox 702 1865 743 1905; x_wconf 90' lang='lat' dir='ltr'>in</span> <span class='ocrx_word' id='word_1_127' title='bbox 777 1866 979 1906; x_wconf 90' lang='lat' dir='ltr'>ecclesias</span> <span class='ocrx_word' id='word_1_128' title='bbox 1020 1865 1285 1905; x_wconf 88' lang='lat' dir='ltr'>Dalmaticas</span> <span class='ocrx_word' id='word_1_129' title='bbox 1327 1865 1557 1906; x_wconf 81' lang='lat' dir='ltr'>Slavorum</span> <span class='ocrx_word' id='word_1_130' title='bbox 1597 1879 1745 1907; x_wconf 84' lang='lat' dir='ltr'>rursus</span> <span class='ocrx_word' id='word_1_131' title='bbox 1786 1869 1962 1919; x_wconf 86' lang='lat' dir='ltr'>recepta</span> <span class='ocrx_word' id='word_1_132' title='bbox 1993 1868 2117 1914; x_wconf 86' lang='lat' dir='ltr'>esset,</span> 
     </span>
     <span class='ocr_line' id='line_1_20' title="bbox 322 1922 2118 1975; baseline 0.002 -13"><span class='ocrx_word' id='word_1_133' title='bbox 322 1923 391 1974; x_wconf 85' lang='lat' dir='ltr'>jus</span> <span class='ocrx_word' id='word_1_134' title='bbox 424 1922 599 1963; x_wconf 88' lang='lat' dir='ltr'>tandem</span> <span class='ocrx_word' id='word_1_135' title='bbox 630 1935 755 1963; x_wconf 88' lang='lat' dir='ltr'>suum</span> <span class='ocrx_word' id='word_1_136' title='bbox 788 1923 938 1963; x_wconf 85' lang='lat' dir='ltr'>tenuit.</span> <span class='ocrx_word' id='word_1_137' title='bbox 972 1935 1021 1964; x_wconf 90' lang='lat' dir='ltr'>ac</span> <span class='ocrx_word' id='word_1_138' title='bbox 1054 1922 1195 1963; x_wconf 89' lang='lat' dir='ltr'>nullos</span> <span class='ocrx_word' id='word_1_139' title='bbox 1228 1922 1384 1963; x_wconf 86' lang='lat' dir='ltr'>deinde</span> <span class='ocrx_word' id='word_1_140' title='bbox 1407 1923 1573 1971; x_wconf 82' lang='lat' dir='ltr'>habuit,</span> <span class='ocrx_word' id='word_1_141' title='bbox 1619 1924 1692 1975; x_wconf 88' lang='lat' dir='ltr'>qui</span> <span class='ocrx_word' id='word_1_142' title='bbox 1733 1923 1815 1964; x_wconf 89' lang='lat' dir='ltr'>sibi</span> <span class='ocrx_word' id='word_1_143' title='bbox 1857 1924 2118 1965; x_wconf 86' lang='lat' dir='ltr'>advesaren-</span> 
     </span>
     <span class='ocr_line' id='line_1_21' title="bbox 325 1980 2118 2033; baseline 0.002 -14"><span class='ocrx_word' id='word_1_144' title='bbox 325 1985 407 2027; x_wconf 74' lang='lat' dir='ltr'>tur,</span> <span class='ocrx_word' id='word_1_145' title='bbox 455 1992 597 2032; x_wconf 89' lang='lat' dir='ltr'>neque</span> <span class='ocrx_word' id='word_1_146' title='bbox 644 1980 885 2033; x_wconf 86' lang='lat' dir='ltr'>Episcopos</span> <span class='ocrx_word' id='word_1_147' title='bbox 931 1980 1121 2027; x_wconf 86' lang='lat' dir='ltr'>Latinos,</span> <span class='ocrx_word' id='word_1_148' title='bbox 1170 1993 1312 2032; x_wconf 83' lang='lat' dir='ltr'>neque</span> <span class='ocrx_word' id='word_1_149' title='bbox 1353 1980 1590 2022; x_wconf 85' lang='lat' dir='ltr'>Pontifices</span> <span class='ocrx_word' id='word_1_150' title='bbox 1637 1981 1885 2030; x_wconf 78' lang='lat' dir='ltr'>Romanos3</span> <span class='ocrx_word' id='word_1_151' title='bbox 1931 1994 2118 2033; x_wconf 82' lang='lat' dir='ltr'>quorum</span> 
     </span>
     <span class='ocr_line' id='line_1_22' title="bbox 327 2037 2115 2092; baseline 0.002 -15"><span class='ocrx_word' id='word_1_152' title='bbox 327 2037 504 2088; x_wconf 88' lang='lat' dir='ltr'>quidem</span> <span class='ocrx_word' id='word_1_153' title='bbox 535 2037 667 2078; x_wconf 90' lang='lat' dir='ltr'>tacito</span> <span class='ocrx_word' id='word_1_154' title='bbox 700 2038 846 2090; x_wconf 88' lang='lat' dir='ltr'>potius</span> <span class='ocrx_word' id='word_1_155' title='bbox 877 2038 1102 2090; x_wconf 79' lang='lat' dir='ltr'>permissu,</span> <span class='ocrx_word' id='word_1_156' title='bbox 1138 2050 1270 2089; x_wconf 89' lang='lat' dir='ltr'>quam</span> <span class='ocrx_word' id='word_1_157' title='bbox 1302 2037 1390 2079; x_wconf 88' lang='lat' dir='ltr'>ulla</span> <span class='ocrx_word' id='word_1_158' title='bbox 1420 2038 1562 2079; x_wconf 83' lang='lat' dir='ltr'>verbis</span> <span class='ocrx_word' id='word_1_159' title='bbox 1585 2051 1790 2092; x_wconf 77' lang='lat' dir='ltr'>expressa</span> <span class='ocrx_word' id='word_1_160' title='bbox 1820 2039 2115 2087; x_wconf 82' lang='lat' dir='ltr'>concessione,</span> 
     </span>
     <span class='ocr_line' id='line_1_23' title="bbox 324 2093 2117 2148; baseline 0.001 -14"><span class='ocrx_word' id='word_1_161' title='bbox 324 2093 523 2134; x_wconf 87' lang='lat' dir='ltr'>stabilem</span> <span class='ocrx_word' id='word_1_162' title='bbox 556 2106 605 2134; x_wconf 90' lang='lat' dir='ltr'>ac</span> <span class='ocrx_word' id='word_1_163' title='bbox 637 2094 804 2135; x_wconf 84' lang='lat' dir='ltr'>firmam</span> <span class='ocrx_word' id='word_1_164' title='bbox 845 2095 1169 2147; x_wconf 87' lang='lat' dir='ltr'>possessionem</span> <span class='ocrx_word' id='word_1_165' title='bbox 1201 2095 1362 2148; x_wconf 86' lang='lat' dir='ltr'>adepta</span> <span class='ocrx_word' id='word_1_166' title='bbox 1396 2098 1459 2135; x_wconf 87' lang='lat' dir='ltr'>est</span> <span class='ocrx_word' id='word_1_167' title='bbox 1502 2119 1555 2124; x_wconf 94' lang='lat'><strong>—</strong></span> <span class='ocrx_word' id='word_1_168' title='bbox 1577 2119 1624 2125; x_wconf 91' lang='grc'>-</span> <span class='ocrx_word' id='word_1_169' title='bbox 1659 2109 1764 2137; x_wconf 90' lang='grc'>53113</span> <span class='ocrx_word' id='word_1_170' title='bbox 1797 2109 1848 2136; x_wconf 83' lang='lat' dir='ltr'>ex</span> <span class='ocrx_word' id='word_1_171' title='bbox 1875 2096 1956 2137; x_wconf 83' lang='lat' dir='ltr'>hac</span> <span class='ocrx_word' id='word_1_172' title='bbox 1987 2096 2117 2136; x_wconf 92' lang='lat' dir='ltr'>Inno-</span> 
     </span>
     <span class='ocr_line' id='line_1_24' title="bbox 325 2151 2117 2205; baseline 0.002 -15"><span class='ocrx_word' id='word_1_173' title='bbox 325 2151 524 2192; x_wconf 88' lang='lat' dir='ltr'>centiana</span> <span class='ocrx_word' id='word_1_174' title='bbox 546 2151 636 2204; x_wconf 70' lang='lat' dir='ltr'>[cfr.</span> <span class='ocrx_word' id='word_1_175' title='bbox 659 2151 756 2192; x_wconf 82' lang='lat' dir='ltr'>XIII</span> <span class='ocrx_word' id='word_1_176' title='bbox 769 2165 801 2192; x_wconf 89' lang='lat' dir='ltr'>s.</span> <span class='ocrx_word' id='word_1_177' title='bbox 825 2152 875 2192; x_wconf 68' lang='lat' dir='ltr'>N.</span> <span class='ocrx_word' id='word_1_178' title='bbox 900 2153 942 2204; x_wconf 84' lang='lat'>3)</span> <span class='ocrx_word' id='word_1_179' title='bbox 966 2152 1163 2205; x_wconf 85' lang='lat' dir='ltr'>Epistola</span> <span class='ocrx_word' id='word_1_180' title='bbox 1186 2156 1225 2192; x_wconf 91' lang='lat' dir='ltr'>et</span> <span class='ocrx_word' id='word_1_181' title='bbox 1250 2153 1532 2193; x_wconf 75' lang='lat' dir='ltr'>concessione</span> <span class='ocrx_word' id='word_1_182' title='bbox 1553 2153 1717 2193; x_wconf 88' lang='lat' dir='ltr'>habent</span> <span class='ocrx_word' id='word_1_183' title='bbox 1738 2152 1965 2194; x_wconf 84' lang='lat' dir='ltr'>Dalmatae</span> <span class='ocrx_word' id='word_1_184' title='bbox 1989 2152 2117 2202; x_wconf 84' lang='lat' dir='ltr'>Slavi,</span> 
     </span>
     <span class='ocr_line' id='line_1_25' title="bbox 324 2209 2117 2263; baseline 0.001 -15"><span class='ocrx_word' id='word_1_185' title='bbox 324 2220 411 2259; x_wconf 86' lang='lat' dir='ltr'>quo</span> <span class='ocrx_word' id='word_1_186' title='bbox 443 2221 487 2248; x_wconf 86' lang='lat' dir='ltr'>se</span> <span class='ocrx_word' id='word_1_187' title='bbox 528 2221 740 2260; x_wconf 83' lang='lat' dir='ltr'>suamque</span> <span class='ocrx_word' id='word_1_188' title='bbox 776 2209 994 2261; x_wconf 78' lang='lat' dir='ltr'>liturgiam</span> <span class='ocrx_word' id='word_1_189' title='bbox 1034 2209 1187 2250; x_wconf 87' lang='lat' dir='ltr'>litteris</span> <span class='ocrx_word' id='word_1_190' title='bbox 1229 2210 1398 2260; x_wconf 82' lang='lat' dir='ltr'>iisdem,</span> <span class='ocrx_word' id='word_1_191' title='bbox 1446 2212 1494 2250; x_wconf 91' lang='lat' dir='ltr'>ut</span> <span class='ocrx_word' id='word_1_192' title='bbox 1535 2212 1705 2263; x_wconf 87' lang='lat' dir='ltr'>putant,</span> <span class='ocrx_word' id='word_1_193' title='bbox 1764 2210 2117 2263; x_wconf 85' lang='lat' dir='ltr'>Hieronymianis</span> 
     </span>
     <span class='ocr_line' id='line_1_26' title="bbox 327 2265 2115 2320; baseline 0.002 -16"><span class='ocrx_word' id='word_1_194' title='bbox 327 2265 617 2317; x_wconf 88' lang='lat' dir='ltr'>conscriptam</span> <span class='ocrx_word' id='word_1_195' title='bbox 659 2266 767 2306; x_wconf 89' lang='lat' dir='ltr'>tueri</span> <span class='ocrx_word' id='word_1_196' title='bbox 814 2269 1011 2319; x_wconf 80' lang='lat' dir='ltr'>possunt.</span> <span class='ocrx_word' id='word_1_197' title='bbox 1057 2266 1157 2315; x_wconf 87' lang='lat' dir='ltr'>Sed,</span> <span class='ocrx_word' id='word_1_198' title='bbox 1204 2270 1250 2307; x_wconf 92' lang='lat' dir='ltr'>ut</span> <span class='ocrx_word' id='word_1_199' title='bbox 1292 2270 1463 2308; x_wconf 88' lang='lat' dir='ltr'>caetera</span> <span class='ocrx_word' id='word_1_200' title='bbox 1505 2267 1658 2316; x_wconf 82' lang='lat' dir='ltr'>desint,</span> <span class='ocrx_word' id='word_1_201' title='bbox 1701 2268 1802 2308; x_wconf 90' lang='lat' dir='ltr'>huic</span> <span class='ocrx_word' id='word_1_202' title='bbox 1838 2267 2115 2320; x_wconf 86' lang='lat' dir='ltr'>potissimum</span> 
     </span>
     <span class='ocr_line' id='line_1_27' title="bbox 324 2321 2116 2376; baseline 0.002 -14"><span class='ocrx_word' id='word_1_203' title='bbox 324 2321 595 2373; x_wconf 78' lang='lat' dir='ltr'>suffragatur,</span> <span class='ocrx_word' id='word_1_204' title='bbox 629 2325 667 2363; x_wconf 86' lang='lat' dir='ltr'>et</span> <span class='ocrx_word' id='word_1_205' title='bbox 701 2323 950 2364; x_wconf 86' lang='lat' dir='ltr'>firmissimo</span> <span class='ocrx_word' id='word_1_206' title='bbox 991 2324 1211 2376; x_wconf 85' lang='lat' dir='ltr'>praesidio</span> <span class='ocrx_word' id='word_1_207' title='bbox 1243 2327 1306 2365; x_wconf 88' lang='lat' dir='ltr'>est</span> <span class='ocrx_word' id='word_1_208' title='bbox 1347 2327 1471 2365; x_wconf 87' lang='lat' dir='ltr'>vetus</span> <span class='ocrx_word' id='word_1_209' title='bbox 1503 2337 1553 2365; x_wconf 90' lang='grc'>33</span> <span class='ocrx_word' id='word_1_210' title='bbox 1593 2324 1807 2366; x_wconf 85' lang='lat' dir='ltr'>diuturna</span> <span class='ocrx_word' id='word_1_211' title='bbox 1830 2324 2116 2373; x_wconf 86' lang='lat' dir='ltr'>consuetudo,</span> 
     </span>
     <span class='ocr_line' id='line_1_28' title="bbox 327 2379 2118 2434; baseline 0.003 -16"><span class='ocrx_word' id='word_1_212' title='bbox 327 2381 368 2418; x_wconf 89' lang='lat' dir='ltr'>et</span> <span class='ocrx_word' id='word_1_213' title='bbox 398 2379 631 2420; x_wconf 87' lang='lat' dir='ltr'>multarum</span> <span class='ocrx_word' id='word_1_214' title='bbox 663 2382 854 2421; x_wconf 87' lang='lat' dir='ltr'>aetatum</span> <span class='ocrx_word' id='word_1_215' title='bbox 886 2381 1122 2433; x_wconf 87' lang='lat' dir='ltr'>possessio,</span> <span class='ocrx_word' id='word_1_216' title='bbox 1155 2394 1286 2434; x_wconf 86' lang='lat' dir='ltr'>quam</span> <span class='ocrx_word' id='word_1_217' title='bbox 1318 2381 1483 2423; x_wconf 88' lang='lat' dir='ltr'>moveri</span> <span class='ocrx_word' id='word_1_218' title='bbox 1511 2394 1600 2422; x_wconf 90' lang='lat' dir='ltr'>non</span> <span class='ocrx_word' id='word_1_219' title='bbox 1638 2382 1849 2434; x_wconf 86' lang='lat' dir='ltr'>aequitas,</span> <span class='ocrx_word' id='word_1_220' title='bbox 1882 2394 1971 2423; x_wconf 91' lang='lat' dir='ltr'>non</span> <span class='ocrx_word' id='word_1_221' title='bbox 2003 2382 2118 2434; x_wconf 83' lang='lat' dir='ltr'>leges</span> 
     </span>
     <span class='ocr_line' id='line_1_29' title="bbox 325 2435 562 2487; baseline 0.004 -12"><span class='ocrx_word' id='word_1_222' title='bbox 325 2435 562 2487; x_wconf 83' lang='lat' dir='ltr'>patiuntur.</span> 
     </span>
    </p>

    <p class='ocr_par' dir='ltr' id='par_1_12' title="bbox 324 2492 2117 2777">
     <span class='ocr_line' id='line_1_30' title="bbox 460 2492 2116 2545; baseline 0.002 -12"><span class='ocrx_word' id='word_1_223' title='bbox 460 2492 581 2533; x_wconf 83' lang='lat' dir='ltr'>Nunc</span> <span class='ocrx_word' id='word_1_224' title='bbox 614 2506 732 2542; x_wconf 59' lang='lat' dir='ltr'>xero,</span> <span class='ocrx_word' id='word_1_225' title='bbox 764 2495 1139 2545; x_wconf 87' lang='lat' dir='ltr'>quemadmodum</span> <span class='ocrx_word' id='word_1_226' title='bbox 1171 2497 1272 2535; x_wconf 87' lang='lat' dir='ltr'>ante</span> <span class='ocrx_word' id='word_1_227' title='bbox 1315 2496 1416 2544; x_wconf 85' lang='lat' dir='ltr'>dixi,</span> <span class='ocrx_word' id='word_1_228' title='bbox 1451 2509 1501 2536; x_wconf 92' lang='lat' dir='ltr'>eo</span> <span class='ocrx_word' id='word_1_229' title='bbox 1545 2495 1651 2536; x_wconf 87' lang='lat' dir='ltr'>locis</span> <span class='ocrx_word' id='word_1_230' title='bbox 1693 2508 1761 2536; x_wconf 90' lang='lat' dir='ltr'>res</span> <span class='ocrx_word' id='word_1_231' title='bbox 1809 2499 1884 2544; x_wconf 87' lang='lat' dir='ltr'>est,</span> <span class='ocrx_word' id='word_1_232' title='bbox 1916 2498 1965 2537; x_wconf 90' lang='lat' dir='ltr'>ut</span> <span class='ocrx_word' id='word_1_233' title='bbox 1994 2495 2116 2536; x_wconf 87' lang='lat' dir='ltr'>litur-</span> 
     </span>
     <span class='ocr_line' id='line_1_31' title="bbox 326 2527 2117 2617; baseline 0.003 -29"><span class='ocrx_word' id='word_1_234' title='bbox 326 2549 393 2599; x_wconf 86' lang='lat' dir='ltr'>gia</span> <span class='ocrx_word' id='word_1_235' title='bbox 426 2549 669 2591; x_wconf 70' lang='grc'>8111011133</span> <span class='ocrx_word' id='word_1_236' title='bbox 703 2550 968 2604; x_wconf 85' lang='lat' dir='ltr'>ubicumque</span> <span class='ocrx_word' id='word_1_237' title='bbox 997 2555 1171 2616; x_wconf 79' lang='lat' dir='ltr'>recepta</span> <span class='ocrx_word' id='word_1_238' title='bbox 1203 2553 1294 2600; x_wconf 79' lang='lat' dir='ltr'>fuit,</span> <span class='ocrx_word' id='word_1_239' title='bbox 1327 2554 1398 2616; x_wconf 82' lang='lat' dir='ltr'>J&#39;us</span> <span class='ocrx_word' id='word_1_240' title='bbox 1420 2566 1560 2617; x_wconf 81' lang='lat' dir='ltr'>suum,</span> <span class='ocrx_word' id='word_1_241' title='bbox 1586 2553 1704 2593; x_wconf 87' lang='lat' dir='ltr'>omni</span> <span class='ocrx_word' id='word_1_242' title='bbox 1737 2527 1909 2594; x_wconf 65' lang='lat' dir='ltr'>sublata</span> <span class='ocrx_word' id='word_1_243' title='bbox 1941 2555 2117 2594; x_wconf 89' lang='lat' dir='ltr'>contro-</span> 
     </span>
     <span class='ocr_line' id='line_1_32' title="bbox 324 2607 2117 2663; baseline 0.003 -18"><span class='ocrx_word' id='word_1_244' title='bbox 324 2607 476 2654; x_wconf 72' lang='lat' dir='ltr'>veisia,</span> <span class='ocrx_word' id='word_1_245' title='bbox 509 2608 692 2648; x_wconf 84' lang='lat' dir='ltr'>retineat</span> <span class='ocrx_word' id='word_1_246' title='bbox 733 2621 781 2648; x_wconf 89' lang='grc'>33</span> <span class='ocrx_word' id='word_1_247' title='bbox 824 2622 953 2649; x_wconf 86' lang='grc'>1131110</span> <span class='ocrx_word' id='word_1_248' title='bbox 995 2610 1060 2658; x_wconf 89' lang='lat' dir='ltr'>sit,</span> <span class='ocrx_word' id='word_1_249' title='bbox 1094 2610 1165 2662; x_wconf 84' lang='lat' dir='ltr'>qui</span> <span class='ocrx_word' id='word_1_250' title='bbox 1210 2611 1320 2651; x_wconf 87' lang='grc'>113113</span> <span class='ocrx_word' id='word_1_251' title='bbox 1351 2610 1394 2651; x_wconf 87' lang='grc'>111</span> <span class='ocrx_word' id='word_1_252' title='bbox 1440 2611 1604 2651; x_wconf 84' lang='lat' dir='ltr'>crimen</span> <span class='ocrx_word' id='word_1_253' title='bbox 1635 2622 1684 2650; x_wconf 93' lang='lat' dir='ltr'>ac</span> <span class='ocrx_word' id='word_1_254' title='bbox 1712 2610 1928 2663; x_wconf 87' lang='lat' dir='ltr'>judicium</span> <span class='ocrx_word' id='word_1_255' title='bbox 1959 2622 2117 2651; x_wconf 74' lang='lat' dir='ltr'>vocale</span> 
     </span>
     <span class='ocr_line' id='line_1_33' title="bbox 325 2662 2117 2720; baseline 0.003 -17"><span class='ocrx_word' id='word_1_256' title='bbox 325 2662 496 2704; x_wconf 88' lang='lat' dir='ltr'>audeat.</span> <span class='ocrx_word' id='word_1_257' title='bbox 529 2664 717 2706; x_wconf 89' lang='lat' dir='ltr'>Tantum</span> <span class='ocrx_word' id='word_1_258' title='bbox 748 2678 851 2706; x_wconf 66' lang='lat' dir='ltr'>xero</span> <span class='ocrx_word' id='word_1_259' title='bbox 884 2666 1019 2707; x_wconf 87' lang='lat' dir='ltr'>abest</span> <span class='ocrx_word' id='word_1_260' title='bbox 1054 2670 1100 2707; x_wconf 90' lang='lat' dir='ltr'>ut</span> <span class='ocrx_word' id='word_1_261' title='bbox 1133 2680 1228 2707; x_wconf 87' lang='lat' dir='ltr'>eam</span> <span class='ocrx_word' id='word_1_262' title='bbox 1267 2668 1484 2720; x_wconf 84' lang='lat' dir='ltr'>improbet</span> <span class='ocrx_word' id='word_1_263' title='bbox 1507 2666 1643 2707; x_wconf 88' lang='lat' dir='ltr'>Sedes</span> <span class='ocrx_word' id='word_1_264' title='bbox 1666 2667 1935 2720; x_wconf 87' lang='lat' dir='ltr'>Apostolica,</span> <span class='ocrx_word' id='word_1_265' title='bbox 1968 2670 2016 2708; x_wconf 89' lang='lat' dir='ltr'>ut</span> <span class='ocrx_word' id='word_1_266' title='bbox 2034 2679 2117 2720; x_wconf 90' lang='lat' dir='ltr'>po-</span> 
     </span>
     <span class='ocr_line' id='line_1_34' title="bbox 324 2719 2116 2777; baseline 0.003 -18"><span class='ocrx_word' id='word_1_267' title='bbox 324 2719 409 2760; x_wconf 88' lang='lat' dir='ltr'>tius</span> <span class='ocrx_word' id='word_1_268' title='bbox 448 2721 586 2761; x_wconf 87' lang='lat' dir='ltr'>eidem</span> <span class='ocrx_word' id='word_1_269' title='bbox 634 2723 829 2774; x_wconf 88' lang='lat' dir='ltr'>impense</span> <span class='ocrx_word' id='word_1_270' title='bbox 870 2723 1035 2765; x_wconf 79' lang='lat' dir='ltr'>favzeat</span> <span class='ocrx_word' id='word_1_271' title='bbox 1076 2736 1155 2764; x_wconf 89' lang='lat' dir='ltr'>nec</span> <span class='ocrx_word' id='word_1_272' title='bbox 1202 2725 1343 2765; x_wconf 90' lang='lat' dir='ltr'>solum</span> <span class='ocrx_word' id='word_1_273' title='bbox 1384 2738 1462 2765; x_wconf 89' lang='lat' dir='ltr'>sua</span> <span class='ocrx_word' id='word_1_274' title='bbox 1502 2725 1618 2765; x_wconf 86' lang='lat' dir='ltr'>illam</span> <span class='ocrx_word' id='word_1_275' title='bbox 1660 2725 1992 2777; x_wconf 75' lang='lat' dir='ltr'>approbatione,</span> <span class='ocrx_word' id='word_1_276' title='bbox 2038 2725 2116 2765; x_wconf 90' lang='lat' dir='ltr'>sed</span> 
     </span>
    </p>
   </div>
   <div class='ocr_carea' id='block_1_12' title="bbox 327 2777 2179 2834">
    <p class='ocr_par' dir='ltr' id='par_1_13' title="bbox 327 2777 2179 2834">
     <span class='ocr_line' id='line_1_35' title="bbox 327 2777 2179 2834; baseline 0.004 -18"><span class='ocrx_word' id='word_1_277' title='bbox 327 2777 456 2817; x_wconf 82' lang='lat' dir='ltr'>etiam</span> <span class='ocrx_word' id='word_1_278' title='bbox 487 2791 565 2818; x_wconf 91' lang='lat' dir='ltr'>suo</span> <span class='ocrx_word' id='word_1_279' title='bbox 598 2780 840 2831; x_wconf 76' lang='lat' dir='ltr'>paliocinio</span> <span class='ocrx_word' id='word_1_280' title='bbox 875 2781 1048 2832; x_wconf 82' lang='lat' dir='ltr'>dignam</span> <span class='ocrx_word' id='word_1_281' title='bbox 1083 2784 1250 2822; x_wconf 90' lang='lat' dir='ltr'>censet:</span> <span class='ocrx_word' id='word_1_282' title='bbox 1295 2782 1457 2834; x_wconf 85' lang='lat' dir='ltr'>quippe</span> <span class='ocrx_word' id='word_1_283' title='bbox 1488 2782 1606 2822; x_wconf 88' lang='lat' dir='ltr'>haud</span> <span class='ocrx_word' id='word_1_284' title='bbox 1643 2781 1775 2822; x_wconf 89' lang='lat' dir='ltr'>semel</span> <span class='ocrx_word' id='word_1_285' title='bbox 1808 2782 1967 2823; x_wconf 85' lang='lat' dir='ltr'>Sacrae</span> <span class='ocrx_word' id='word_1_286' title='bbox 1998 2780 2115 2822; x_wconf 91' lang='lat' dir='ltr'>Con·</span> <span class='ocrx_word' id='word_1_287' title='bbox 2176 2823 2179 2826; x_wconf 19' lang='grc' dir='ltr'><em>Α</em></span> 
     </span>
    </p>
   </div>
   <div class='ocr_carea' id='block_1_13' title="bbox 326 2835 2129 3232">
    <p class='ocr_par' dir='ltr' id='par_1_14' title="bbox 326 2835 2129 3232">
     <span class='ocr_line' id='line_1_36' title="bbox 330 2835 2129 2893; baseline 0.003 -20"><span class='ocrx_word' id='word_1_288' title='bbox 330 2846 426 2885; x_wconf 79' lang='lat' dir='ltr'>greg</span> <span class='ocrx_word' id='word_1_289' title='bbox 418 2835 567 2875; x_wconf 85' lang='lat' dir='ltr'>ationi</span> <span class='ocrx_word' id='word_1_290' title='bbox 611 2836 664 2876; x_wconf 89' lang='lat' dir='ltr'>de</span> <span class='ocrx_word' id='word_1_291' title='bbox 697 2836 989 2889; x_wconf 76' lang='lat' dir='ltr'>propaganda</span> <span class='ocrx_word' id='word_1_292' title='bbox 1030 2838 1136 2878; x_wconf 86' lang='lat' dir='ltr'>Fide</span> <span class='ocrx_word' id='word_1_293' title='bbox 1178 2839 1435 2880; x_wconf 83' lang='lat' dir='ltr'>mandatum</span> <span class='ocrx_word' id='word_1_294' title='bbox 1477 2839 1568 2887; x_wconf 83' lang='lat' dir='ltr'>tuit,</span> <span class='ocrx_word' id='word_1_295' title='bbox 1611 2842 1657 2878; x_wconf 87' lang='lat' dir='ltr'>ut</span> <span class='ocrx_word' id='word_1_296' title='bbox 1696 2851 1872 2891; x_wconf 86' lang='lat' dir='ltr'>operam</span> <span class='ocrx_word' id='word_1_297' title='bbox 1905 2851 2029 2880; x_wconf 87' lang='lat' dir='ltr'>suam</span> <span class='ocrx_word' id='word_1_298' title='bbox 2061 2839 2129 2893; x_wconf 38' lang='lat' dir='ltr'>ad.</span> 
     </span>
     <span class='ocr_line' id='line_1_37' title="bbox 327 2891 2116 2949; baseline 0.003 -19"><span class='ocrx_word' id='word_1_299' title='bbox 327 2891 498 2932; x_wconf 87' lang='lat' dir='ltr'>codices</span> <span class='ocrx_word' id='word_1_300' title='bbox 528 2892 748 2944; x_wconf 79' lang='lat' dir='ltr'>liturgicos</span> <span class='ocrx_word' id='word_1_301' title='bbox 791 2893 893 2935; x_wconf 73' lang='grc'>5131</span> <span class='ocrx_word' id='word_1_302' title='bbox 896 2907 1021 2935; x_wconf 87' lang='lat' dir='ltr'>orum</span> <span class='ocrx_word' id='word_1_303' title='bbox 1053 2896 1163 2948; x_wconf 83' lang='lat' dir='ltr'>tvpis</span> <span class='ocrx_word' id='word_1_304' title='bbox 1196 2896 1390 2936; x_wconf 90' lang='lat' dir='ltr'>edendos</span> <span class='ocrx_word' id='word_1_305' title='bbox 1423 2896 1647 2943; x_wconf 80' lang='lat' dir='ltr'>conferret,</span> <span class='ocrx_word' id='word_1_306' title='bbox 1691 2898 2002 2949; x_wconf 88' lang='lat' dir='ltr'>sumptumque</span> <span class='ocrx_word' id='word_1_307' title='bbox 2033 2896 2116 2936; x_wconf 91' lang='lat' dir='ltr'>im-</span> 
     </span>
     <span class='ocr_line' id='line_1_38' title="bbox 326 2948 2117 3006; baseline 0.004 -19"><span class='ocrx_word' id='word_1_308' title='bbox 326 2948 548 2999; x_wconf 89' lang='lat' dir='ltr'>penderet.</span> <span class='ocrx_word' id='word_1_309' title='bbox 595 2973 642 2979; x_wconf 93' lang='lat'>—</span> <span class='ocrx_word' id='word_1_310' title='bbox 668 2973 713 2979; x_wconf 86' lang='lat'><em>-</em></span> <span class='ocrx_word' id='word_1_311' title='bbox 752 2949 859 2991; x_wconf 88' lang='lat' dir='ltr'>Cum</span> <span class='ocrx_word' id='word_1_312' title='bbox 908 2954 1055 2992; x_wconf 87' lang='lat' dir='ltr'>autem</span> <span class='ocrx_word' id='word_1_313' title='bbox 1096 2965 1200 2994; x_wconf 87' lang='lat' dir='ltr'>usus</span> <span class='ocrx_word' id='word_1_314' title='bbox 1243 2952 1461 2994; x_wconf 84' lang='lat' dir='ltr'>Slavonici</span> <span class='ocrx_word' id='word_1_315' title='bbox 1501 2953 1630 3006; x_wconf 84' lang='lat' dir='ltr'>hujus</span> <span class='ocrx_word' id='word_1_316' title='bbox 1675 2953 1857 2994; x_wconf 80' lang='lat' dir='ltr'>Missalis</span> <span class='ocrx_word' id='word_1_317' title='bbox 1908 2953 2117 2994; x_wconf 85' lang='lat' dir='ltr'>latissime</span> 
     </span>
     <span class='ocr_line' id='line_1_39' title="bbox 327 3007 2116 3064; baseline 0.004 -20"><span class='ocrx_word' id='word_1_318' title='bbox 327 3007 487 3056; x_wconf 87' lang='lat' dir='ltr'>pateat,</span> <span class='ocrx_word' id='word_1_319' title='bbox 512 3018 598 3046; x_wconf 92' lang='lat' dir='ltr'>non</span> <span class='ocrx_word' id='word_1_320' title='bbox 622 3007 761 3047; x_wconf 87' lang='lat' dir='ltr'>solum</span> <span class='ocrx_word' id='word_1_321' title='bbox 787 3008 1011 3049; x_wconf 82' lang='lat' dir='ltr'>Dalmatae</span> <span class='ocrx_word' id='word_1_322' title='bbox 1035 3008 1164 3051; x_wconf 88' lang='lat' dir='ltr'>Slavi</span> <span class='ocrx_word' id='word_1_323' title='bbox 1188 3010 1265 3050; x_wconf 85' lang='grc'>5331</span> <span class='ocrx_word' id='word_1_324' title='bbox 1289 3022 1592 3062; x_wconf 87' lang='lat' dir='ltr'>quaecumque</span> <span class='ocrx_word' id='word_1_325' title='bbox 1615 3009 1845 3051; x_wconf 85' lang='lat' dir='ltr'>Slavorum</span> <span class='ocrx_word' id='word_1_326' title='bbox 1869 3013 2016 3062; x_wconf 86' lang='lat' dir='ltr'>gentes</span> <span class='ocrx_word' id='word_1_327' title='bbox 2036 3023 2116 3064; x_wconf 89' lang='lat' dir='ltr'>pa-</span> 
     </span>
     <span class='ocr_line' id='line_1_40' title="bbox 326 3061 2115 3120; baseline 0.004 -20"><span class='ocrx_word' id='word_1_328' title='bbox 326 3061 455 3101; x_wconf 84' lang='lat' dir='ltr'>trium</span> <span class='ocrx_word' id='word_1_329' title='bbox 487 3074 732 3104; x_wconf 85' lang='lat' dir='ltr'>sermonem</span> <span class='ocrx_word' id='word_1_330' title='bbox 765 3065 806 3104; x_wconf 87' lang='lat' dir='ltr'>in</span> <span class='ocrx_word' id='word_1_331' title='bbox 848 3066 976 3105; x_wconf 82' lang='lat' dir='ltr'>rebus</span> <span class='ocrx_word' id='word_1_332' title='bbox 1018 3067 1150 3107; x_wconf 85' lang='lat' dir='ltr'>sacris</span> <span class='ocrx_word' id='word_1_333' title='bbox 1192 3079 1290 3107; x_wconf 89' lang='lat' dir='ltr'>cum</span> <span class='ocrx_word' id='word_1_334' title='bbox 1321 3066 1422 3106; x_wconf 87' lang='lat' dir='ltr'>Ritu</span> <span class='ocrx_word' id='word_1_335' title='bbox 1456 3066 1660 3107; x_wconf 84' lang='lat' dir='ltr'>Romano</span> <span class='ocrx_word' id='word_1_336' title='bbox 1709 3069 1990 3120; x_wconf 84' lang='lat' dir='ltr'>conJ&#39;ungunt,</span> <span class='ocrx_word' id='word_1_337' title='bbox 2022 3079 2115 3107; x_wconf 89' lang='lat' dir='ltr'>ma-</span> 
     </span>
     <span class='ocr_line' id='line_1_41' title="bbox 327 3117 2115 3178; baseline 0.004 -22"><span class='ocrx_word' id='word_1_338' title='bbox 327 3117 464 3158; x_wconf 59' lang='grc'>1111135</span> <span class='ocrx_word' id='word_1_339' title='bbox 511 3120 668 3169; x_wconf 78' lang='lat' dir='ltr'>gratias</span> <span class='ocrx_word' id='word_1_340' title='bbox 714 3122 1086 3173; x_wconf 83' lang='lat' dir='ltr'>praestantissimo</span> <span class='ocrx_word' id='word_1_341' title='bbox 1130 3123 1324 3164; x_wconf 88' lang='lat' dir='ltr'>Praesuli</span> <span class='ocrx_word' id='word_1_342' title='bbox 1373 3123 1610 3178; x_wconf 61' lang='lat' dir='ltr'>(Matthaeo</span> <span class='ocrx_word' id='word_1_343' title='bbox 1659 3123 1875 3165; x_wconf 88' lang='lat' dir='ltr'>Caraman</span> <span class='ocrx_word' id='word_1_344' title='bbox 1920 3124 2115 3165; x_wconf 87' lang='lat' dir='ltr'>Jadrensi</span> 
     </span>
     <span class='ocr_line' id='line_1_42' title="bbox 327 3175 2114 3232; baseline 0.005 -19"><span class='ocrx_word' id='word_1_345' title='bbox 327 3175 677 3229; x_wconf 84' lang='lat' dir='ltr'>archiepiscopo)</span> <span class='ocrx_word' id='word_1_346' title='bbox 708 3191 757 3218; x_wconf 88' lang='lat' dir='ltr'>ac</span> <span class='ocrx_word' id='word_1_347' title='bbox 790 3179 843 3219; x_wconf 93' lang='lat' dir='ltr'>de</span> <span class='ocrx_word' id='word_1_348' title='bbox 875 3191 920 3219; x_wconf 87' lang='lat' dir='ltr'>se</span> <span class='ocrx_word' id='word_1_349' title='bbox 960 3179 1182 3231; x_wconf 85' lang='lat' dir='ltr'>praeclare</span> <span class='ocrx_word' id='word_1_350' title='bbox 1222 3180 1377 3221; x_wconf 86' lang='lat' dir='ltr'>merito</span> <span class='ocrx_word' id='word_1_351' title='bbox 1412 3184 1454 3220; x_wconf 87' lang='lat' dir='ltr'>et</span> <span class='ocrx_word' id='word_1_352' title='bbox 1498 3192 1625 3232; x_wconf 85' lang='lat' dir='ltr'>agere</span> <span class='ocrx_word' id='word_1_353' title='bbox 1657 3183 1698 3221; x_wconf 89' lang='grc'>31</span> <span class='ocrx_word' id='word_1_354' title='bbox 1734 3181 1897 3222; x_wconf 86' lang='lat' dir='ltr'>habere</span> <span class='ocrx_word' id='word_1_355' title='bbox 1928 3180 2114 3230; x_wconf 76' lang='lat' dir='ltr'>debent3</span> 
     </span>
    </p>
   </div>
   <div class='ocr_carea' id='block_1_14' title="bbox 2220 0 2243 3444">
    <p class='ocr_par' dir='ltr' id='par_1_15' title="bbox 2220 0 2243 3444">
     <span class='ocr_line' id='line_1_43' title="bbox 2220 0 2243 3444; baseline 0 0"><span class='ocrx_word' id='word_1_356' title='bbox 2220 0 2243 3444; x_wconf 95' lang='lat' dir='ltr'> </span> 
     </span>
    </p>
   </div>
  </div>
 </body>
</html>
