2191 3434
589 119 1141 166 Glagolito-Romanae
1168 119 1258 154 XIV
1285 131 1314 154 s.
1864 125 1884 156 5

399 267 439 305 ό.
472 275 590 317 1347,
623 276 675 303 2!
707 263 971 313 Novembris,
1003 263 1279 316 Nurenbergz·
1309 264 1531 317 (pragen.)

183 348 369 388 Karolus
402 347 473 387 IV.
507 348 743 387 Bohemiae
777 361 867 396 rex,
901 350 1214 387 monasterium
1249 347 1299 388 O.
1334 347 1376 388 S.
1410 349 1636 389 Benedicti
1690 362 1789 389 cum
1842 351 1888 389 li-

43 421 180 472 turgia
231 418 675 471 Glagolito-Romana
707 433 730 458 a
764 417 991 461 Clemente
1024 432 1137 471 papa
1170 419 1229 459 VI
1264 432 1475 460 concessa
1508 418 1562 473 (v.
1595 419 1635 460 N
1680 418 1736 473 5),
1786 421 1888 460 Em-

44 502 167 530 maus
199 490 379 539 dictum,
411 490 453 529 in
488 491 657 529 civitate
690 489 1015 542 Neo-Pragensi
1050 489 1280 530 fundatum
1315 491 1449 531 dotat.

186 572 371 613 Karolus
404 572 486 613 Dei
519 574 652 626 gratia
685 573 984 612 Romanorum
1020 573 1118 612 Rex
1151 585 1327 624 semper
1359 573 1598 627 Augustus,
1632 582 1674 614 et
1707 574 1887 615 Boemie

41 645 131 673 rex.
164 631 236 672 Ad
271 639 527 684 perpetuam
561 633 620 672 rei
654 633 924 672 memoriam.
958 631 1055 672 Rex
1089 632 1347 685 magnificus
1381 641 1460 673 etc.

183 691 363 732 Dudum
397 690 616 744 siquidem
650 692 948 731 sanctissimus
982 691 1105 731 Pater
1138 691 1356 732 Dominus
1378 699 1525 733 noster
1545 693 1659 745 Papa
1681 692 1886 735 Clemens
1955 683 1957 685 ¹

42 751 112 792 V1.
145 751 394 791 Venerabili
425 750 616 791 Arnesto
649 749 1001 802 Archiepiscopo
1041 751 1246 804 Pragensi
1297 752 1482 804 Principi
1534 760 1576 792 et
1627 752 1883 793 Consiliario

41 818 191 851 nostro
224 810 464 860 karissimo,
505 810 560 850 ad
612 812 745 850 nostri
797 812 1043 850 instantiam
1096 818 1137 850 et
1188 819 1434 864 requestam
1489 814 1764 853 committere
1815 826 1889 852 vo-

41 871 130 919 luit,
162 877 208 909 ut
241 871 334 922 ipse
367 871 408 909 in
460 878 607 909 nostra
659 871 828 909 civitate
881 870 1085 923 Pragensi
1138 872 1449 911 monasterium
1503 872 1795 912 conuentuale
1847 880 1889 912 et

42 929 268 970 claustrale
301 929 465 969 ordinis
498 930 632 969 sancti
667 929 892 969 Benedicti
928 931 1149 969 instituere
1183 937 1225 969 et
1275 932 1532 971 auctoritate
1585 938 1735 982 posset
1785 945 1889 984 apo-

41 990 194 1029 stolica
226 988 439 1035 ordinare,
472 989 675 1028 institutis
708 988 874 1028 ibidem
909 988 1085 1029 Abbate
1119 997 1160 1028 et
1194 989 1406 1039 fratribus,
1458 991 1530 1043 qui
1582 990 1777 1030 Domino
1829 991 1888 1031 fa-

43 1049 258 1089 mulantes
291 1048 435 1088 divina
468 1047 614 1088 officia
647 1049 689 1087 in
721 1048 868 1101 lingua
901 1047 1132 1089 Slavonica
1166 1049 1379 1089 duntaxat
1413 1050 1469 1089 ob
1514 1052 1797 1090 reverentiam
1846 1059 1888 1090 et

42 1109 299 1148 memoriam
322 1107 621 1160 gloriosissimi
644 1106 918 1148 Confessoris
952 1107 1067 1147 Beati
1086 1108 1309 1160 Jeronymi
1332 1107 1660 1160 Strydoniensis
1682 1109 1888 1150 Doctoris

42 1168 216 1222 egregii,
249 1174 290 1206 et
323 1167 599 1215 translatoris,
650 1168 983 1220 interpretisque
1016 1169 1166 1206 eximii
1200 1180 1320 1208 sacre
1354 1170 1565 1220 scripture
1599 1169 1655 1208 de
1706 1169 1888 1209 Ebraica

42 1228 82 1266 in
116 1227 290 1267 latinam
325 1233 367 1266 et
400 1225 677 1266 slavonicam
722 1227 904 1280 linguas,
955 1227 1011 1275 de
1063 1240 1148 1279 qua
1199 1227 1417 1280 siquidem
1471 1226 1702 1268 Slavonica
1752 1231 1888 1268 nostri

41 1287 161 1339 regni
194 1285 374 1326 Boemie
406 1286 571 1326 idioma
603 1288 790 1338 sumpsit
822 1285 1056 1326 exordium
1092 1287 1426 1337 primordialiter
1458 1294 1499 1327 et
1533 1290 1760 1340 processit,
1812 1289 1888 1328 de-

41 1347 171 1386 beant
212 1345 365 1386 futuris
414 1346 689 1396 temporibus
740 1345 971 1393 celebrare,
1021 1345 1075 1385 ad
1130 1346 1251 1398 quod
1302 1346 1522 1399 siquidem
1573 1347 1886 1388 Monasterium

42 1405 386 1445 construendum
422 1412 464 1444 et
497 1404 794 1444 edificandum
828 1405 1125 1445 parochialem
1160 1405 1405 1446 Ecclesiam
1443 1414 1693 1447 sanctorum
1726 1406 1889 1448 Cosme

41 1473 83 1504 et
114 1464 316 1505 Damiani
348 1465 389 1504 in
422 1465 640 1504 suburbiis
673 1472 820 1504 nostre
854 1466 1035 1505 civitatis
1070 1465 1296 1518 Pragensis
1329 1466 1526 1517 predicte
1579 1468 1618 1505 in
1671 1466 1888 1507 Podschal

41 1525 150 1564 inter
181 1523 530 1577 Wyssegradum
564 1531 606 1563 et
639 1522 802 1565 Sderaz
835 1525 1048 1572 situatam,
1082 1525 1205 1565 cuius
1234 1524 1305 1577 jus
1338 1532 1590 1577 patronatus
1629 1526 1684 1565 ad
1737 1525 1889 1566 Eccle-

40 1585 146 1623 siam
181 1582 606 1636 Wyssegradensem
640 1590 743 1623 tunc
788 1585 1001 1635 temporis
1047 1585 1304 1635 pertinebat,
1355 1585 1466 1624 facta
1517 1598 1595 1637 per
1636 1598 1718 1625 nos
1769 1586 1886 1626 dicte

40 1643 239 1683 Ecclesie
271 1642 639 1695 Wyssegradensi
672 1656 753 1695 pro
786 1644 876 1683 iure
910 1650 1162 1695 patronatus
1209 1644 1326 1684 dicte
1377 1644 1636 1696 parochialis
1688 1644 1886 1686 Ecclesie

41 1703 312 1742 restitutione
346 1710 389 1742 et
420 1702 715 1742 satisfactione
747 1702 969 1755 condigna
1003 1702 1213 1743 duximus
1247 1704 1554 1751 ordinandum,
1607 1716 1738 1757 quam
1790 1718 1887 1757 pre—

0 1806 3 1814 ,
41 1761 172 1802 fatam
225 1761 518 1814 parochialem
583 1761 828 1802 Ecclesiam
882 1764 922 1801 in
975 1762 1141 1802 dictum
1193 1763 1506 1804 Monasterium
1560 1764 1788 1804 claustrale
1841 1772 1884 1804 et

2 1816 3 1838 ³
42 1824 329 1861 conventuale
361 1822 416 1861 ad
450 1821 663 1861 honorem
697 1821 792 1869 Dei,
825 1823 1166 1875 beatissimeque
1205 1822 1337 1863 Marie
1388 1823 1579 1876 Virginis
1600 1823 1748 1864 Matris
1782 1823 1888 1876 ejus,

40 1894 90 1921 ac
125 1881 417 1934 glor²0sorum
452 1880 671 1932 leronymi
704 1881 870 1933 prefati,
903 1880 1151 1934 Cirullique,
1184 1881 1427 1931 Metthudii,
1459 1882 1688 1923 Adalberti
1722 1890 1763 1923 et
1785 1883 1887 1923 Pro-

41 1942 156 1992 copii
189 1940 476 1980 Patronorum
510 1939 615 1980 dicti
648 1940 787 1993 Regni
820 1940 1001 1980 Boemie
1033 1941 1272 1992 Martyrum
1307 1950 1348 1981 et
1377 1940 1692 1983 Confessorum
1715 1943 1885 1983 titulum

41 2007 83 2039 et
116 2000 328 2039 honorem
363 1999 580 2051 prefatum
614 1998 1014 2052 Archiepiscopum
1048 2002 1307 2052 requirimus
1352 2008 1394 2041 et
1437 2002 1660 2042 hortamur
1711 2008 1889 2050 attente,

5 2078 7 2081 v
42 2060 162 2099 iuxta
195 2060 554 2099 commissionem
588 2073 612 2099 a
645 2059 751 2099 sede
783 2061 1025 2111 apostolica
1058 2061 1138 2100 sibi
1173 2060 1331 2100 factam
1366 2062 1483 2114 erigi,
1516 2068 1558 2101 et
1591 2063 1720 2101 etiam
1769 2062 1886 2102 exal-

41 2120 117 2158 tari
151 2120 253 2159 inibi
287 2117 462 2158 Abbate
497 2126 538 2158 et
572 2118 771 2159 fratribus
804 2121 1060 2159 auctoritate
1093 2120 1290 2171 predicta
1322 2121 1538 2168 institutis,
1571 2122 1645 2174 qui
1690 2122 1772 2161 sub
1823 2134 1886 2161 re-

42 2178 140 2230 gula
173 2186 215 2218 et
246 2178 430 2230 regulari
464 2178 612 2217 habitu
645 2178 809 2218 ordinis
842 2180 979 2219 sancti
1012 2178 1248 2227 Benedicti,
1282 2181 1348 2219 cui
1384 2179 1602 2220 dictorum
1636 2187 1886 2220 sanctorum

41 2239 313 2278 conversatio
347 2237 536 2290 gloriosa
569 2238 657 2277 suis
689 2239 836 2278 tribuit
870 2240 1142 2290 temporibus
1176 2252 1287 2291 quos
1320 2239 1466 2279 adhuc
1499 2253 1576 2291 per
1601 2239 1683 2280 Dei
1705 2241 1884 2293 gratiam

41 2298 206 2346 retinet,
238 2298 432 2348 speciem
466 2304 508 2336 et
541 2297 749 2337 decorem
783 2299 824 2336 in
857 2298 1004 2351 lingua
1036 2296 1267 2339 Slavonica
1300 2298 1512 2339 duntaxat
1546 2299 1698 2339 futuris
1729 2306 1771 2339 et
1791 2312 1886 2351 per-

12 2399 13 2412 *
43 2358 182 2407 petuis
215 2357 488 2408 temporibus
521 2357 580 2396 ob
613 2358 870 2396 memoriam
904 2366 946 2397 et
979 2359 1262 2398 reverentiam
1297 2358 1450 2410 prefati
1489 2359 1726 2399 beatissimi
1764 2359 1886 2412 Jero-

42 2417 172 2466 nymi,
206 2422 251 2455 ut
283 2417 377 2467 ipse
409 2416 451 2454 in
484 2414 604 2456 dicto
637 2428 773 2470 regno
807 2416 923 2456 velut
956 2418 1064 2458 inter
1097 2424 1274 2471 gentem
1308 2429 1431 2457 suam
1465 2425 1507 2458 et
1554 2419 1736 2469 patriam
1787 2419 1884 2458 red-

43 2474 166 2514 datur
198 2481 411 2526 perpetuo
445 2474 673 2527 gloriosus,
706 2476 930 2528 ipsiusque
951 2477 1206 2530 dignissima
1241 2479 1451 2517 memoria
1474 2478 1657 2517 celebris
1673 2478 1883 2517 habeatur

42 2542 254 2586 perpetuo
288 2533 480 2574 Domino
514 2534 784 2583 famulantes,
823 2535 1017 2576 divinum
1051 2536 1246 2576 officium
1281 2544 1543 2576 nocturnum
1586 2537 1789 2576 videlicet
1845 2544 1886 2576 et

44 2592 243 2633 diurnum
277 2593 446 2633 valeant
478 2594 710 2634 celebrare.
744 2594 797 2634 Et
833 2603 1011 2635 caetera.
1046 2595 1204 2635 Datum
1250 2595 1522 2648 Naremberg
1553 2608 1667 2636 anno
1703 2596 1882 2636 Domini

44 2650 272 2692 Millesimo
313 2651 644 2693 Trecentesimo
679 2654 1016 2707 quadragesimo
1050 2657 1239 2706 septimo
1291 2678 1348 2683 —
1396 2655 1466 2695 XI.
1518 2655 1739 2695 Kalendas
1794 2655 1880 2695 De-

3 2724 5 2726 ·
47 2711 232 2751 cembris
264 2735 321 2739 —
352 2735 410 2740 —

185 2779 313 2821 Pelzel,
341 2781 472 2815 Kaiser
499 2781 590 2815 Karl
617 2781 684 2815 dcr
711 2782 851 2821 Vierte,
879 2782 891 2815 l
924 2782 991 2816 Th.
1022 2783 1115 2826 Prag
1143 2785 1244 2824 1780,
1273 2786 1313 2817 91
1342 2794 1390 2817 ss

509 2913 542 2953 7.
577 2912 694 2954 1347,
727 2912 777 2954 17
814 2901 953 2952 Junu,
996 2902 1219 2952 Verbenz'ci,
1264 2903 1427 2955 Veglen.

187 2981 445 3024 Aedificatio
481 2986 672 3037 capellae
706 2984 784 3026 SS.
816 2986 927 3026 Petri
962 2994 1004 3025 et
1037 2987 1152 3026 Pauli
1189 2989 1228 3026 in
1264 2989 1491 3026 cacumine
1525 2988 1647 3026 collis
1694 2987 1748 3026 ad
1802 2989 1882 3026 ori-
