2243 3444
378 301 423 334 46
984 301 1166 336 Fontes
1215 302 1471 348 Liturgiae

334 442 376 479 et
406 453 431 481 a
464 439 505 480 S.
542 439 888 492 Congregatione
913 439 1230 493 propagandae
1252 440 1397 481 Fidei:
1424 440 1595 482 Missale
1619 440 2121 493 Glagolito-Romanum,

331 508 505 549 Rituale
537 507 799 552 Croaticum.
845 508 1051 549 Doctrina
1081 508 1328 549 Bellarmini
1377 508 1579 550 Croatica
1619 509 1935 559 „Schiavetto,“
1981 513 2122 565 trans-

331 577 571 617 mittuntur.

467 669 643 709 Estratti
677 669 745 709 dei
779 668 969 720 dispacci
1003 670 1069 710 del
1104 669 1336 711 Cardinale
1370 669 1559 710 Visconti
1590 670 1646 711 da
1679 670 1844 711 Vienna
1884 670 1923 711 al
1968 670 2120 712 Cardi-

330 725 427 766 nale
460 726 722 766 Pallavicini.
756 727 990 778 segretario
1025 726 1066 766 di
1102 726 1226 767 Stato
1256 740 1281 768 a
1312 727 1468 768 Roma.

1442 806 1607 848 Vienna
1642 807 1706 847 12.
1739 807 1905 859 Agosto
1942 807 2060 848 1773.

466 874 586 914 Eino.
621 887 642 914 e
674 875 800 914 Rmo.
835 874 922 926 Sig.
956 876 1044 915 mio
1078 875 1248 916 Ossmo.
1291 876 1321 915 11
1364 876 1511 928 signor
1554 878 1681 916 conte
1722 876 1971 929 Esterhazy,
2014 889 2119 928 gran

329 931 584 972 cancelliere
618 931 657 971 d’
683 932 911 983 Ungheria.
945 932 1003 971 mi
1046 933 1102 973 ha
1143 933 1442 974 ultimamente
1484 933 1589 974 fatta
1630 933 1849 974 rimettere
1890 934 2120 975 l’annessa

328 988 551 1038 Memoria,
585 991 852 1030 sottoscritta
884 990 926 1029 di
959 1002 1038 1030 sua
1069 1003 1214 1038 mano,
1256 990 1280 1030 l’
1301 995 1557 1042 argomento
1605 991 1717 1031 della
1762 990 1890 1043 quale
1933 991 2118 1043 grande-

328 1049 471 1086 mente
506 1059 716 1086 concerne
748 1045 772 1085 l’
793 1046 998 1087 interesse
1031 1047 1144 1088 della
1175 1052 1300 1089 santa
1333 1049 1506 1088 unione.
1541 1047 1665 1089 Sarei
1687 1049 1938 1088 veramente
1961 1061 2118 1090 conso-

327 1103 550 1150 latissimQ
586 1115 630 1143 se
662 1105 697 1144 si
729 1103 985 1152 verificasse,
1019 1104 1097 1144 che
1130 1105 1171 1144 in
1207 1108 1372 1146 cotesta
1402 1105 1638 1157 stamperia
1681 1105 1794 1145 della
1824 1105 2117 1158 Propaganda

326 1160 490 1201 fossero
522 1161 619 1200 stati
652 1161 853 1212 impressi
885 1161 896 1201 i
927 1161 1024 1201 libri
1059 1162 1340 1214 euchologici.
1374 1163 1559 1214 liturgici
1593 1175 1615 1203 e
1646 1162 1894 1214 dogmatici,
1929 1163 2008 1203 che
2040 1175 2117 1204 ora

325 1217 359 1257 si
391 1218 611 1258 ricercano
644 1231 721 1270 per
752 1231 906 1259 norma
939 1219 1047 1259 delle
1079 1232 1223 1259 nuove
1257 1220 1443 1260 edizioni
1487 1220 1566 1260 che
1607 1220 1681 1272 qui
1724 1220 1757 1259 si
1802 1223 1958 1260 stanno
2005 1220 2115 1260 divi-

326 1275 484 1316 sando:
520 1278 686 1315 mentre
719 1276 760 1315 in
794 1276 851 1316 tal
885 1289 985 1317 caso
1022 1276 1233 1317 verrebbe
1274 1278 1383 1317 10110
1427 1278 1468 1318 di
1511 1290 1662 1317 mezzo
1705 1277 1805 1329 ogni
1846 1277 2037 1329 pericolo
2079 1279 2115 1318 si

326 1332 365 1372 d’
388 1345 532 1373 errore
565 1333 643 1373 che
676 1333 719 1373 di
750 1333 886 1373 frode.
921 1334 1048 1386 Dopo
1080 1347 1182 1374 aver
1214 1337 1293 1375 etc.

458 1457 838 1500 Pro—Memoria!

459 1540 573 1580 Inter
595 1539 677 1579 alia
699 1552 789 1579 rem
822 1552 968 1580 sacrae
999 1540 1171 1580 unionis
1195 1540 1514 1588 concernentia,
1540 1541 1667 1580 ctiam
1698 1539 1845 1592 quoad
1866 1540 2015 1589 libros,
2039 1540 2113 1594 qui

322 1610 396 1637 seu
428 1610 507 1650 pro
540 1600 688 1638 tenera
714 1596 957 1650 juventute,
991 1611 1066 1638 seu
1098 1611 1176 1650 pro
1210 1598 1382 1646 adultis,
1425 1611 1499 1638 seu
1542 1611 1644 1638 vero
1691 1611 1770 1650 pro
1813 1597 2114 1639 ecclesiasticis

323 1668 418 1695 cum
451 1655 602 1707 primis
634 1655 866 1695 necessarii
897 1655 1050 1704 forent,
1085 1656 1342 1707 quaestione
1376 1658 1652 1701 occurrente;
1682 1656 1814 1696 Suam
1840 1655 2113 1708 Maiestatem

322 1712 664 1753 Sacratissimam
701 1712 847 1765 quoad
879 1713 1012 1753 libros
1050 1714 1357 1764 euchologieos
1390 1716 1441 1753 et‘
1464 1714 1683 1765 liturgicos
1737 1725 1812 1753 seu
1855 1713 2028 1754 Rituale
2071 1716 2113 1753 et

321 1769 503 1819 Missale,
536 1783 623 1810 non
656 1770 909 1810 absimiliter
934 1771 1081 1822 quoad
1106 1771 1448 1812 catliecbismum
1472 1770 1734 1818 Bell-arinini,
1764 1771 1836 1822 qui
1861 1783 1977 1812 anno
2005 1770 2110 1812 1627

321 1828 362 1867 in
396 1828 609 1881 Illyricum
642 1841 792 1868 versus
824 1827 991 1868 Romae
1032 1828 1074 1868 in
1117 1829 1405 1880 typographia
1448 1829 1501 1868 de
1544 1828 1836 1881 Propaganda
1880 1828 1989 1869 Fide
2029 1828 2111 1868 irn-

320 1898 494 1937 pressus
529 1889 704 1932 extaret,
737 1885 1068 1926 clementissime
1103 1886 1304 1926 ordinare
1339 1887 1561 1937 dignatam
1594 1887 1737 1926 fuisse.
1771 1889 1818 1926 ut
1852 1886 2002 1938 quoad
2025 1886 2106 1927 hos

321 1943 400 1983 sub
435 1955 615 1983 censura
648 1943 795 1996 hujate
829 1943 1059 1984 occasione
1090 1944 1387 1996 impressionis
1411 1957 1514 1984 cura
1536 1944 1764 1990 habeatur,
1787 1956 1841 1984 ne
1863 1943 1976 1984 ullae
2000 1944 2109 1984 aliae

322 2001 611 2041 correctiones
641 2001 853 2041 librorum
888 2001 1071 2041 istorum
1103 2005 1275 2054 praeter
1307 2002 1400 2042 illas
1432 2002 1546 2042 solas
1578 2001 1794 2042 admissae
1826 2001 1924 2048 sint,
1948 2001 2108 2054 quibus

321 2058 647 2098 conformantur
677 2058 908 2110 postremis
940 2059 1206 2100 editionibus
1238 2060 1406 2100 Romae
1440 2059 1644 2100 correctis
1677 2063 1719 2099 et
1749 2060 2005 2111 repurgatis.

459 2114 567 2156 Cum
606 2115 734 2167 igitur
774 2116 1031 2168 praeattacti
1077 2117 1172 2157 libri
1218 2117 1387 2157 Romae
1434 2116 1616 2157 correcti
1663 2119 1703 2157 et
1748 2115 1968 2168 repurgati
2015 2129 2108 2156 esse

322 2173 645 2224 perhibeantur,
681 2172 974 2214 Cancellariae
1016 2177 1162 2215 autem
1205 2175 1305 2215 111110
1348 2174 1490 2225 regiae
1532 2173 1976 2226 Hungarico-aulicae
2017 2173 2108 2214 edi-

319 2230 458 2270 tiones
491 2231 669 2271 eaedem
711 2230 956 2282 incognitae
987 2232 1084 2281 sint,
1118 2232 1318 2284 adeoque
1351 2235 1467 2272 certo
1501 2244 1589 2272 non
1622 2234 1805 2279 constet,
1838 2244 1892 2272 an
1925 2230 2033 2272 tales
2064 2231 2105 2271 in

318 2287 464 2339 lingua
496 2288 693 2341 hujatum
727 2287 991 2329 Graecorum
1024 2287 1192 2330 usitatis
1222 2290 1391 2330 Romae
1422 2290 1487 2330 vel
1521 2289 1734 2330 existant?

455 2343 560 2385 Ideo
579 2348 813 2397 antequam
834 2346 1045 2387 editiones
1072 2347 1154 2388 hae
1178 2347 1404 2388 Romanae
1425 2360 1505 2399 pro
1523 2359 1678 2387 norma
1699 2346 1824 2387 isthic
1847 2348 2105 2393 statuantur,

320 2402 373 2442 de
406 2403 592 2454 benigno
625 2403 742 2443 iussu
776 2404 892 2455 regio
925 2404 1171 2446 Eminentia
1202 2405 1352 2445 Vestra
1385 2404 1578 2445 officiose
1610 2404 1857 2456 requiritur,
1888 2406 2105 2456 quatenus

320 2460 737 2511 praerecensitorum
770 2460 978 2502 librorum
1011 2462 1239 2503 Romanae
1263 2462 1477 2503 editiones
1499 2463 1542 2502 in
1566 2462 1762 2513 genuinis
1787 2461 2106 2514 exemplaribus

319 2517 461 2558 Roma
492 2518 662 2566 adferri,
694 2530 743 2558 ac
776 2519 961 2559 subinde
994 2519 1147 2560 allatus
1181 2519 1476 2560 Cancellariae
1498 2520 1642 2572 regiae
1664 2519 2106 2571 Hungarico-aulicae

320 2575 641 2615 communicare
673 2576 789 2616 haud
824 2579 1038 2625 gravetur.

455 2655 646 2696 Viennae
679 2657 747 2697 die
781 2656 829 2696 17
862 2656 962 2697 Julii
999 2658 1121 2699 1773.

1323 2714 1480 2756 Comes
1512 2714 1767 2755 Franciscus
1799 2714 2045 2766 Esterhazy.

455 2792 533 2832 All’
553 2794 670 2833 Emo.
707 2795 791 2847 Sig.
829 2795 1059 2836 Cardinale
1092 2795 1356 2843 Pallavicini‚
1390 2795 1624 2847 segretario
1658 2795 1701 2836 di
1724 2795 1849 2836 Stato
1873 2794 1916 2835 di
1940 2794 2101 2835 Nostro

320 2848 510 2899 signore.

936 2909 1119 2964 [Roma]
1154 2910 1277 2952 Dalla
1308 2910 1600 2962 propaganda
1632 2910 1685 2951 026
1721 2911 1884 2962 Agosto
1921 2910 2042 2951 1773.

454 2987 497 3026 111
533 2989 735 3041 essequio
779 2990 844 3029 de’
889 2991 1079 3031 venerati
1123 2991 1309 3031 desideri
1353 2990 1394 3030 di
1444 2990 1532 3031 Sua
1578 2990 1743 3030 Maesta
1784 2990 1809 3030 l'
1829 2989 2103 3043 imperatrice

318 3045 465 3093 regina
494 3045 664 3085 rimette
694 3046 863 3098 Borgia.
898 3048 1133 3099 segretario
1167 3049 1208 3089 di
1250 3047 1555 3100 Propaganda,
1599 3060 1678 3088 con
1723 3048 1821 3098 ogni
1865 3050 2103 3100 prontezza

318 3099 523 3142 all'Emo.
558 3101 642 3153 sig.
676 3103 906 3144 Cardinale
938 3105 1173 3156 segretario
1204 3105 1245 3145 di
1279 3105 1403 3146 Stato
1437 3104 1492 3157 gli
1538 3105 1767 3157 esemplari
1809 3105 2000 3145 richiesti
2032 3104 2099 3145 del

318 3156 490 3198 Missale
526 3159 676 3200 lllirico
711 3174 735 3200 0
769 3161 1000 3203 Slavonico
1033 3162 1301 3203 dell‘ultima
1338 3162 1536 3203 edizione
1578 3162 1620 3202 in
1663 3164 1874 3203 carattere
1921 3161 2100 3203 Geroni-
