2243 3444
380 166 422 196 38
1107 156 1294 192 Fontes
1321 155 1566 201 fiturgiae

380 308 503 354 zai-i«,
537 321 591 346 ex
625 306 823 359 legenda.
867 317 977 355 quae
1012 305 1053 342 in
1087 303 1167 343 Ms.
1202 302 1442 342 Passionali
1494 303 1606 343 1436
1639 304 1736 342 anni
1771 310 1812 342 et
1846 304 1885 342 in
1921 303 2012 342 aliis
2045 303 2144 342 Mss.
2178 302 2212 344 C

381 378 673 417 Bibliothecae
706 377 887 415 Aulicae
921 376 1101 414 habetur
1134 374 1449 425 dependentes.

520 459 545 492 1.
572 457 709 496 Herem,
738 457 832 490 Dvie
871 456 998 489 sluibe
1038 455 1227 499 rimskoga
1272 454 1414 488 obreda
1452 465 1492 488 za
1518 455 1744 489 s'vetkovinu
1789 466 1841 490 sv.
1869 443 1979 490 Cirila
2005 455 2015 488 i
2046 454 2211 497 Motuda,

379 506 581 550 Zagrabiae
611 508 712 547 1870,
743 508 795 538 19.

931 675 1025 723 165.
1058 670 1111 710 X
1118 670 1151 710 V
1180 684 1223 717 s„
1266 676 1453 717 exennia
1491 669 1671 717 Jadren.

521 769 778 809 Brevia1·ium
813 766 1136 819 Glagoliticum,
1170 768 1291 806 cuius
1343 766 1634 818 fragmentum
1686 765 1911 820 (particula
1943 765 2088 806 Officii
2121 765 2214 806 Ad-

381 838 549 889 ventus)
584 839 804 890 professor
837 839 883 877 R.
917 837 1076 877 Pocina
1104 837 1257 890 Jadrae
1290 837 1521 886 adinvenit,
1556 838 1852 877 conscribitur.

522 920 633 963 Apud
662 919 915 963 professorem
944 918 1093 961 linguae
1128 918 1425 961 palaeoslavicac
1470 918 1505 951 in
1534 917 1742 952 Seminario
1788 917 1950 952 Centrali
1973 918 2143 963 Jadrensi
2167 918 2213 953 D.

380 969 550 1002 Rocbnm
580 966 725 1001 Pocina.

763 1138 861 1174 166.
895 1134 940 1174 Χ
954 1134 987 1174 V
1016 1148 1059 1181 s..
1092 1139 1280 1180 exeunte,
1314 1133 1357 1174 in
1390 1133 1522 1174 [stria
1554 1140 1595 1174 et
1623 1133 1858 1175 Dalmatia.

520 1232 687 1271 Fratres
721 1230 853 1270 Tertii
886 1230 1062 1270 Ordinis
1114 1229 1155 1270 S.
1191 1229 1223 1269 F
1227 1231 1407 1270 rancisci
1459 1231 1500 1269 in
1533 1229 1761 1278 Dalmatia,
1801 1231 2013 1283 liturgiam
2050 1229 2213 1284 Glago-

378 1303 717 1343 lito-Romanam
753 1315 809 1341 ex
843 1302 1068 1353 privilegio
1121 1302 1417 1348 observantes,
1449 1313 1586 1353 quum
1631 1315 1655 1340 a
1687 1301 1953 1354 quibusdam
1996 1301 2229 1342 Ecclesia-'

379 1387 472 1414 rum
506 1375 763 1413 Rectoribus
795 1374 837 1412 in
871 1374 1090 1424 provincia
1135 1372 1349 1412 Dalmatia
1382 1373 1440 1412 ob
1483 1372 1656 1425 linguae
1689 1372 1873 1412 slavicae
1907 1384 2034 1412 usum
2068 1374 2108 1412 in
2142 1386 2213 1413 ce-

379 1445 584 1485 lebranda
618 1446 747 1484 missa
797 1445 851 1483 ab
885 1444 1081 1483 ecclesiis
1114 1450 1372 1490 arcerentur,
1423 1445 1632 1494 petitione
1667 1450 1866 1494 porrecta
1899 1457 1922 1483 a
1955 1442 1998 1483 S.
2031 1442 2213 1492 sedem,

380 1518 577 1556 obtinent
609 1516 790 1555 Litteras
825 1515 979 1555 Breves
1012 1530 1035 1555 a
1069 1514 1112 1555 S.
1148 1514 1278 1563 Sede,
1312 1516 1470 1567 quibus
1504 1515 1786 1554 ecclesiarum
1821 1515 2080 1555 Rectoribus
2118 1516 2213 1556 talis

381 1600 476 1626 mos
510 1600 555 1627 se
588 1587 765 1639 gerendi
799 1586 1025 1627 inhibetur,

519 1657 570 1697 A.
599 1658 816 1710 Jadrense.

520 1741 772 1781 Beatissime
825 1740 962 1780 Pater!
996 1741 1051 1782 Ut
1085 1741 1232 1781 devoti
1286 1739 1534 1781 Sanctitatis
1586 1740 1768 1780 Vestrae
1801 1748 1994 1781 oratores
2043 1741 2212 1782 Fratres

381 1800 488 1852 tertij
526 1800 687 1840 ordinis
721 1799 867 1840 Sancti
900 1800 1117 1840 Francisci
1152 1801 1207 1840 de
1240 1800 1510 1840 Poenitentia
1543 1801 1583 1839 in
1618 1801 1789 1840 civitate
1818 1800 2012 1853 Jadrensi
2046 1808 2088 1841 et
2121 1801 2229 1841 aliis

340 1884 344 1886 -
380 1861 626 1911 provinciae
658 1859 898 1899 Dalmatiae
932 1861 1176 1900 civitatibus
1209 1861 1385 1911 oppidis
1421 1869 1462 1899 et
1495 1860 1615 1899 terris
1649 1867 1974 1900 commorantes
2007 1861 2210 1912 quietiori

380 1920 524 1958 animo
558 1931 635 1970 pro
669 1918 770 1958 fidei
821 1919 1058 1959 catholicae
1110 1926 1152 1959 et
1186 1917 1227 1959 S.
1262 1917 1392 1959 Sedis
1434 1917 1721 1970 Apostolicae
1754 1919 1810 1958 ad
1860 1918 2005 1959 Deum
2057 1932 2233 1971 preces·

380 1979 532 2030 iugiter
565 1985 606 2017 et
639 1979 846 2017 continuo
881 1978 1074 2027 fundere,
1108 1986 1150 2018 et
1195 1978 1428 2030 Privilegiis
1463 1979 1565 2030 ipsis
1613 1990 1690 2029 per
1724 1977 1946 2018 Romanos
1978 1978 2210 2019 Pontifices

381 2037 740 2088 praedecessores
773 2044 938 2077 vestros
972 2051 1180 2090 sacraque
1215 2039 1397 2077 concilia
1431 2045 1473 2077 et
1506 2039 1634 2077 etiam
1669 2035 1841 2078 Sanctis
1873 2037 2148 2089 Hieronymo
2169 2024 2243 2078 etii

382 2095 540 2146 Cyrillo
575 2097 796 2136 concessis
830 2097 1018 2148 gaudere
1052 2098 1232 2145 valeant,
1259 2097 1505 2149 supplicant
1528 2103 1759 2148 propterea
1792 2097 2010 2137 humiliter
2043 2096 2209 2138 Sancti-

380 2163 511 2194 tatem
548 2152 778 2209 [Vestram]
814 2163 1006 2195 oratores
1034 2156 1211 2207 praefati
1245 2169 1330 2208 qua
1352 2187 1507 2196 ......
1541 2158 1660 2207 ipsos
1693 2156 1956 2207 specialibus
1988 2156 2243 2206 'favoribusz

382 2221 423 2253 et
456 2216 598 2267 gratiis
632 2213 977 2267 prosequen(do)
1012 2223 1053 2254 et
1082 2215 1206 2268 juxta
1252 2216 1447 2266 predicta
1494 2215 1714 2267 privilegia
1748 2223 1789 2255 et
1823 2217 2135 2256 concessiones
2167 2217 2208 2255 in

382 2275 584 2312 omnibus
618 2281 658 2312 et
694 2270 928 2327 [singulis?}
965 2275 1170 2314 Ecclesiis
1203 2275 1414 2314 dictarum
1469 2273 1698 2315 Civitatum
1731 2273 1963 2314 Terrarum
1997 2281 2041 2315 et
2071 2274 2208 2326 Oppi·
2232 2297 2243 2328 1*

383 2332 551 2380 dorum,
585 2334 624 2371 in
659 2334 816 2383 quibus
850 2333 905 2372 de
940 2346 1155 2374 consensu
1191 2334 1361 2373 illorum
1405 2334 1642 2374 Rectorum
1676 2364 1850 2374 .....
1883 2347 1941 2374 ex
1967 2334 2243 2387 'devotionei

383 2393 530 2430 iverint
564 2423 570 2430 .
605 2423 612 2430 .
645 2424 652 2431 .
689 2389 797 2445 [prol
833 2393 1105 2433 celebrandis
1139 2394 1293 2441 missis,
1325 2394 1503 2433 easdem
1542 2394 1695 2432 missas
1715 2393 1862 2446 lingua
1884 2393 2032 2433 illirica
2064 2400 2110 2433 ut
2141 2389 2243 2433 so-R

382 2450 426 2488 lit
462 2447 487 2503 [i
521 2448 633 2503 sunt]
668 2482 675 2489 .
709 2483 717 2489 .
752 2483 757 2489 .
792 2458 833 2490 et
875 2451 1054 2492 Vestrae
1099 2451 1348 2493 Sanctitatis
1382 2484 1390 2491 .
1423 2484 1431 2492 .
1465 2484 1472 2492 .
1506 2483 1514 2491 .
1548 2451 1772 2491 Romanae
1822 2452 2046 2492 Ecclesiae
2097 2438 2243 2492 cele-⁶

382 2510 504 2548 brare
536 2511 704 2560 possint
738 2517 779 2549 et
811 2510 979 2550 valeant
1012 2511 1230 2551 licentiam
1284 2520 1325 2551 et
1371 2511 1619 2551 facultatem
1672 2511 1930 2551 concedere.
1963 2511 2018 2552 Et
2050 2512 2206 2564 quibus

382 2599 553 2607 .....
586 2567 943 2620 Archiepiscopis
976 2570 1208 2622 Episcopis
1242 2578 1284 2610 et
1305 2583 1688 2623 quorumcumque
1711 2570 1911 2610 locorum
1945 2571 2088 2611 dictae
2108 2572 2205 2622 pro-

383 2628 545 2666 vinciae
579 2626 815 2667 Ordinariis
848 2630 928 2668 sub
975 2626 1293 2683 suspen[sionis
1344 2629 1575 2669 interdicto
1589 2626 1618 2683 ?]
1654 2642 1707 2668 ne
1742 2642 1819 2669 eos
1852 2660 2026 2670 .....
2059 2629 2205 2670 fratres

386 2682 707 2739 {quohninusve
741 2687 948 2727 Rectores
991 2696 1034 2729 et
1085 2687 1341 2740 Superiores
1387 2689 1680 2728 Ecclesiarum
1725 2689 2044 2740 praedictarum
2078 2720 2087 2729 .
2119 2719 2128 2730 .
2160 2720 2169 2729 .
2200 2720 2204 2728 .

383 2747 718 2794 praemissorum
760 2748 993 2786 occasione
1028 2747 1190 2787 directe
1241 2749 1308 2787 vel
1350 2748 1559 2788 indirecte
1594 2778 1803 2788 ......
1837 2744 2104 2802 (mole)stare
2136 2760 2190 2788 au

384 2803 514 2842 deant
547 2804 611 2842 vel
634 2814 910 2854 praesumant
944 2806 1137 2846 inhibere
1172 2839 1179 2846 .

524 2862 565 2901 Β.
601 2862 744 2902 Gratia
766 2864 877 2903 facta
910 2877 987 2915 per
1019 2865 1201 2905 Litteras
1235 2865 1394 2906 Breves
1427 2864 1471 2907 S.
1504 2865 1645 2907 Sedis.

524 2943 565 2975 A.
594 2943 887 2977 instrumentum
908 2950 1082 2988 tempore
1109 2956 1260 2980 erosum
1288 2947 1368 2980 sine
1395 2947 1479 2980 anni
1508 2946 1745 2987 indicatione,
1767 2946 1884 2980 edidit
1909 2946 1969 2981 Fr.
1997 2945 2203 2990 Stephanus
2235 2985 2243 2997 Γ

382 2988 536 3070 Ivancic'l
555 2989 907 3070 Ploralpggl7ilagsolice
934 2993 1009 3026 ko‹l
1036 2993 1242 3026 redovnika
1262 2994 1311 3027 III
1333 2994 1421 3027 reda
1447 3005 1499 3028 sv.
1521 2994 1643 3028 Frane
1669 3003 1738 3037 pro
1758 2994 1953 3039 Dalmaciji
1974 2994 2055 3028 Istri
2083 2995 2091 3028 i
2112 2994 2202 3028 Kva·
2235 3001 2240 3010 ¹

384 3047 486 3077 neru,
529 3048 577 3069 ,ἃς
592 3048 629 3070 ar
747 3065 752 3077 ,
782 3043 797 3071 1
819 3055 833 3071 ι.
