2243 3444
393 304 435 337 16
988 283 1182 335 *Fontes
1229 298 1490 345 Liturgiae

621 441 974 482 SEMINARIUM
1008 439 1540 482 ARCHIEPISCOPALE
1573 439 1875 481 ILLYRICUM

809 509 992 551 CLERO
1026 509 1284 550 ILLYRICO
1318 508 1680 549 DIOECESANO

643 578 980 620 VINGENTIUS
1012 577 1508 619 ARCHIEPISCOPUS
1541 577 1856 619 ZMAJEVICH

844 647 996 687 AERE
1029 646 1286 687 PROPRIO
1320 646 1644 687 EXSTRUXIT

650 706 652 709 V
720 717 794 757 AC
829 716 1242 758 SUCCESSORUM
1275 715 1668 757 AUCTORITATI
1700 715 1771 755 ET

867 785 1185 826 CHARITATI
1218 785 1629 826 COMMENDAVIT

1092 853 1402 895 MDCCXXVII

482 957 757 1004 Apographum
782 957 914 990 XVIII
941 968 968 990 s.
996 957 1034 989 in
1075 956 1244 990 Archi-vo
1281 955 1568 1001 Zmajeviciano
1604 956 1758 998 Jadrae,
1793 955 1902 990 Fasc.
1948 954 2063 990 Carte
2097 954 2147 988 ri-

349 1004 581 1051 sguardanti
607 1004 827 1049 l’impianto
854 1002 937 1036 dell
953 1003 1111 1037 Istituto
1136 1001 1370 1047 Zmajevich.

836 1156 900 1194 41.
934 1156 1062 1204 1729,
1096 1157 1156 1195 30
1188 1153 1439 1203 Decembris,
1471 1152 1640 1194 Romae.

483 1247 744 1288 Benedictus
781 1260 896 1298 papa
938 1247 1033 1287 XIII
1066 1247 1122 1287 ad
1163 1246 1419 1299 petitionem
1469 1244 1682 1286 Vincentii
1724 1244 1942 1298 Zmajevic
1974 1244 2142 1286 archie-

345 1317 516 1371 piscopi
544 1316 777 1364 Jadrensis,
811 1329 947 1368 quum
980 1316 1023 1356 in
1056 1315 1245 1356 dioecesi
1276 1315 1475 1356 Jadrensi
1509 1327 1660 1355 omnes
1691 1313 1964 1367 parochiales
1997 1313 2133 1354 eccle·
2224 1358 2225 1367 ἵ

345 1388 422 1435 sia,
455 1385 730 1439 septuaginta
762 1397 944 1425 numero
978 1386 1019 1424 et
1050 1385 1174 1434 ultra,
1207 1397 1232 1425 a
1264 1384 1538 1436 presbyteris
1563 1385 1604 1424 et
1636 1383 1801 1424 clericis
1833 1382 1946 1423 Cleri
1975 1380 2145 1436 Illyrici,
2224 1381 2225 1384 ’

348 1456 513 1497 nullum
546 1454 664 1495 aliud
697 1454 861 1495 idioma
894 1467 1025 1506 quam
1060 1449 1303 1494 Maternum
1347 1453 1616 1500 callentibus,
1650 1452 1967 1500 officiarentur3
2001 1451 2142 1493 Colle·
2224 1457 2225 1498 ξ

347 1525 463 1577 gium
492 1538 567 1564 seu
601 1523 890 1564 Seminarium
922 1521 1139 1575 Illyricum
1180 1536 1260 1575 pro
1294 1523 1554 1563 educatione
1596 1535 1832 1575 puerorum
1875 1521 2139 1574 Illyricorum

348 1594 511 1647 Illyrico
551 1594 779 1634 dumtaxat
823 1592 1032 1632 idiomate
1073 1592 1116 1632 in
1159 1592 1187 1632 S
1236 1592 1456 1643 Liturgiae
1499 1592 1715 1632 utentium
1748 1592 1791 1632 et
1821 1603 1909 1631 non
1942 1590 2142 1641 aliorum,
2223 1599 2225 1642 ξ

343 1663 398 1704 ab
430 1663 525 1716 ipso
557 1661 889 1714 archiepiscopo
921 1660 1147 1701 Vincentio
1181 1661 1265 1701 iam
1298 1661 1576 1702 aedificatum
1609 1662 1733 1708 esset,
1764 1659 1968 1701 Andreae
1999 1659 2139 1700 Balbo
2223 1649 2225 1652 Α

349 1732 541 1772 Nonensi
574 1731 795 1784 episcopo,
838 1732 1063 1783 tamquam
1103 1730 1360 1782 proximiori
1405 1729 1651 1779 Ordinario‚
1695 1729 1886 1778 mandat,
1918 1730 1967 1769 ut
1999 1727 2140 1769 Colle·-

350 1801 464 1853 gium
496 1798 713 1854 Illyricum
745 1799 952 1841 Jadrense
983 1812 1064 1852 pro
1099 1799 1338 1840 educandis
1371 1800 1540 1839 tantum
1563 1798 1724 1851 pueris,
1756 1811 1944 1851 quorum
1975 1797 2144 1839 indoles
2223 1822 2224 1854 l

350 1871 392 1910 et
421 1869 621 1909 voluntas
652 1881 775 1921 spem
809 1867 1017 1909 obtulerit
1049 1881 1124 1909 eos
1156 1868 1199 1908 in
1233 1868 1278 1909 S.
1312 1867 1506 1920 Liturgia
1545 1866 1715 1920 Illyrico
1748 1867 1957 1909 idiomate
1987 1879 2143 1919 perpe-

350 1940 425 1978 tuo
468 1938 765 1987 inservituros,
813 1937 1073 1978 auctoritate
1115 1936 1357 1989 apostolica
1398 1938 1611 1989 perpetuo
1663 1936 1800 1988 erigat
1843 1937 1886 1977 et
1924 1935 2143 1983 instituat3
2222 1977 2223 1992 ,

352 2005 593 2057 Collegium
635 2005 848 2059 Illyricum
895 2005 1102 2046 Jadrense
1143 2006 1223 2046 sub
1270 2005 1523 2046 immediata
1564 2004 1837 2058 protectione
1884 2003 1927 2045 S.
1962 2003 2088 2045 Sedis
2119 2016 2145 2044 a
2221 1993 2232 2063 j

349 2087 625 2127 quacumque
657 2075 741 2116 alia
759 2074 1006 2127 Superitate
1029 2075 1233 2123 eximens,
1267 2074 1461 2127 suscipit,
1494 2073 1836 2126 archiepiscopis
1859 2072 2141 2114 Jadrensibus
2222 2075 2223 2088 ³

349 2146 570 2196 tamquam
605 2144 820 2195 Delegatis
853 2143 895 2184 S.
930 2142 1056 2183 Sedis
1097 2143 1523 2184 administrationem
1566 2142 1830 2196 Statutoque
1863 2141 2138 2183 codificando

349 2224 506 2252 munus
538 2212 755 2261 tribuens3
802 2212 973 2265 ipsique
1006 2210 1200 2264 Collegio
1232 2212 1432 2253 abbatias
1476 2212 1520 2253 S.
1554 2211 1815 2264 Chrisogoni
1847 2210 2067 2252 Jadrensis
2099 2211 2140 2251 et
2221 2206 2222 2217 ³

351 2280 393 2321 S.
426 2280 562 2322 Petris
594 2282 873 2330 Auxarensis,
917 2281 985 2322 Or.
1022 2281 1064 2322 S.
1099 2281 1337 2330 Benedicti,
1381 2283 1595 2334 perpetuo
1630 2284 1671 2321 et
1702 2280 1968 2332 integraliter
1999 2279 2142 2320 incor-
2220 2266 2230 2307 j

348 2353 488 2402 porat.
2220 2343 2222 2350 χ

487 2420 657 2460 Erectio
701 2419 880 2471 Collegii
921 2433 996 2460 seu
1044 2420 1275 2461 Seminarii
1318 2432 1557 2472 puerorum
1590 2419 1797 2460 ecclesiae
1841 2418 2037 2460 Civitatis
2067 2417 2139 2459 Ja-

355 2476 522 2516 drensis
554 2476 741 2518 Natione
773 2476 969 2518 Illiricae.
2220 2471 2221 2481 ¹

486 2534 746 2575 Benedictus
780 2535 1010 2587 episcopus
1042 2547 1191 2575 servus
1223 2547 1448 2575 servorum
1491 2534 1583 2582 Dei,
1617 2533 1862 2574 Venerabili
1895 2532 2014 2574 fratri
2048 2531 2140 2584 epi·
2219 2560 2220 2566 ,

350 2603 485 2643 scopo
518 2591 711 2632 Nonensi
733 2593 917 2632 salutem
936 2594 977 2632 et
998 2592 1285 2644 apostolicam
1307 2591 1670 2632 benedictionem.
1695 2589 1813 2631 Inter
1834 2591 2139 2631 sacrosanctae
2219 2618 2220 2649 ἶ

351 2647 632 2689 Tridentinae
679 2648 882 2701 Synodus
925 2649 1105 2689 coelitus
1149 2649 1327 2690 emissas
1374 2649 1620 2689 sanctiones
1670 2672 1785 2677 ———
1837 2647 1948 2688 Cum
1995 2647 2143 2699 itaque
2219 2651 2220 2673 ³

350 2705 460 2745 sicut
492 2707 749 2746 venerabilis
781 2707 933 2747 fratrer
966 2707 1215 2747 Vincentius
1249 2706 1496 2760 Zmajevich
1529 2706 1884 2758 archiepiscopus
1916 2703 2136 2746 Jadrensis
2205 2730 2208 2732 v

353 2762 488 2803 Nobis
520 2776 659 2814 nuper
701 2764 900 2815 exposuit
941 2760 1181 2811 Provincia,
1216 2764 1319 2804 olim
1366 2764 1567 2815 Regnum
1608 2763 1862 2810 Dalmatiae,
1910 2774 2023 2815 quae
2063 2761 2143 2801 etsi
2218 2769 2235 2815 3'

356 2821 581 2860 transactis
624 2822 894 2872 tei‘nporibitis
936 2822 1146 2862 florere...
1190 2823 1492 2861 sacrosanctae
1525 2821 1672 2861 Matris
1704 2820 1921 2861 Ecclesiae
1952 2832 2054 2871 ager
2090 2842 2132 2847 —
2224 2866 2226 2873 y

353 2890 466 2917 nunc
499 2890 599 2917 vero
632 2878 862 2918 Provincia
905 2879 1119 2931 ejusmodi
1162 2891 1320 2930 inagna
1353 2891 1403 2918 ex
1434 2880 1558 2931 parte
1600 2878 1680 2918 sub
1713 2878 1953 2919 infidelium
1998 2878 2142 2928 tyran·
2224 2881 2226 2902 ³

354 2935 465 2987 nyde
512 2935 697 2975 existens
748 2959 792 2964 —-
828 2960 874 2964 —
924 2939 1156 2987 propterea
1203 2936 1397 2989 ejusdem
1454 2936 1709 2976 Provinciae
1759 2935 1908 2976 Clerus
1953 2933 2143 2986 Illyricus

354 2992 621 3041 ignorantiae
654 2993 841 3032 tenebris
884 2994 1120 3034 obuolutus
1152 2993 1431 3033 scientiarum
1474 2992 1690 3045 ejusmodi
1723 2993 1862 3033 cultus
1896 3005 1977 3044 ope
2010 2991 2142 3031 desti·
2216 3005 2218 3027 t

354 3052 467 3089 lutus
500 3074 553 3078 —-
585 3052 626 3089 et
657 3050 852 3102 plerique
885 3063 935 3090 ex
967 3052 1131 3103 populo
1180 3050 1433 3103 hujusmodi
1478 3050 1776 3091 Schismaticis
1808 3048 2141 3100 Haereticisque
2215 3079 2217 3085 ,

352 3107 585 3157 praedictis
618 3107 799 3147 immissi
831 3120 983 3148 eorum
1016 3121 1182 3148 venena
1223 3108 1305 3148 sibi
1338 3107 1521 3148 dulciter
1552 3108 1754 3159 apposita
1786 3107 1959 3147 incaute
1987 3106 2142 3169 biben-⁸
2215 3106 2217 3114 ’

355 3166 418 3204 tes
452 3167 492 3204 ct
529 3165 789 3218 praevalidis
836 3166 1076 3206 ortodoxae
1118 3165 1359 3220 Religionis
1400 3165 1665 3217 Dogmatum
1705 3164 1952 3218 pharmacis
1998 3175 2143 3206 sanan
