2191 3434
756 278 806 313 ΙΙ.
834 279 931 313 Acta
958 278 1099 313 Curiae
1125 279 1335 314 Romanae.
1846 282 1903 316 IX

814 417 1119 462 Benedictus
1151 418 1269 462 XIII.

275 511 481 553 Pontifex
514 512 745 553 confirmat
769 512 1165 565 Congregationem
1192 512 1482 554 Sacerdotum
1507 486 1808 566 g'lagolitarum
1829 514 1940 567 Spa—

144 569 325 612 latensis
360 570 629 620 dioeceseos,
662 569 811 620 XVIII,
847 572 939 612 363
971 570 1031 624 (p.
1065 569 1150 623 75).

279 628 482 670 Pontifex
535 628 828 670 Seminarium
883 628 1190 679 Glagoliticum
1239 628 1447 669 Jadrense
1480 642 1560 682 pro
1593 629 1739 682 pueris
1776 629 1951 682 Illyricis

54 700 67 712 ·
138 686 307 740 Illyrico
342 686 574 728 dumtaxat
616 686 826 728 idiomate
874 686 917 727 in
962 685 1002 726 S.
1038 685 1232 738 Liturgia
1278 687 1506 727 utentibus
1540 689 1585 728 et>
1612 700 1700 727 non
1733 700 1812 740 pro
1860 688 1953 729 aliis

140 745 222 787 suh
269 745 527 786 immediata
575 744 618 786 S.
668 744 794 786 Sedis
840 744 1117 798 protectione
1165 744 1345 798 suscipit
1392 745 1565 798 ipsique
1609 745 1718 787 duas
1751 745 1953 787 abbatias

140 803 407 857 incorporat,
441 803 500 845 ib.
533 804 600 853 37,
636 803 702 852 38,
735 803 812 851 41;
847 802 921 844 cfr.
955 802 1022 851 66,
1056 803 1124 844 67.

867 927 1100 974 Clemens
1133 928 1232 972 X11.

283 1023 327 1065 S.
362 1022 655 1077 Congregatio
700 1022 883 1065 Concilii
931 1023 1144 1064 relatione
1188 1023 1383 1078 episcopi
1425 1022 1645 1064 Parentini
1693 1023 1851 1065 certior
1896 1023 1955 1071 fit,

142 1082 264 1136 quod
294 1082 478 1135 parochi
511 1083 779 1135 campestres
813 1081 1068 1123 dioeceseos
1098 1081 1331 1134 glagolitae
1364 1083 1477 1130 sunt,
1511 1081 1657 1132 XVIII,
1690 1082 1758 1123 42.

827 1219 1133 1264 Benedictus
1165 1219 1287 1264 XIV.

282 1314 510 1357 Benedicti
555 1314 653 1356 XIV
695 1314 960 1370 (Cardinalis
1008 1314 1215 1367 Prosperi
1260 1313 1548 1367 Lambertini)
1599 1314 1653 1355 de
1701 1313 1867 1366 origine
1913 1315 1954 1354 et

143 1375 302 1416 natura
328 1373 520 1429 juridica
551 1373 734 1426 Lgr.nae
767 1387 792 1415 a
814 1373 983 1415 Joanne
1028 1386 1146 1426 papa
1168 1372 1263 1412 VIII
1285 1372 1462 1414 Nationi
1487 1372 1687 1414 Slavicae
1710 1384 1956 1420 concessae,

145 1433 375 1483 sententia,
407 1430 558 1482 XVIII,
593 1433 661 1474 68.

165 1500 167 1502 ’
286 1490 551 1532 Constitutio
587 1490 784 1544 ejusdem
819 1489 1045 1531 Pontificis
1082 1489 1170 1540 „Ex
1201 1489 1412 1542 pastorali
1452 1491 1658 1530 munere“
1705 1488 1759 1528 de
1801 1487 1959 1541 Lgrna

144 1548 261 1591 fideli
295 1562 346 1590 ac
377 1548 608 1601 religiosae
640 1548 818 1590 Nationi
851 1548 1044 1602 Illyricae
1075 1560 1283 1589 concessa
1316 1548 1371 1589 ab
1414 1547 1627 1589 abusibus
1658 1547 1831 1598 linguae
1862 1545 1957 1586 vul-

146 1607 261 1661 garis
292 1607 336 1648 in
369 1607 504 1650 missa
537 1607 836 1660 expurganda,
870 1607 928 1648 ib.
962 1607 1030 1647 80.

288 1666 333 1708 S.
366 1665 661 1718 Congregatio
696 1665 838 1707 Officii
872 1666 1026 1706 contra
1056 1666 1207 1706 votum
1240 1664 1435 1717 episcopi
1466 1662 1666 1704 Polensis
1699 1663 1739 1703 et
1771 1660 1959 1714 Inquisi—

146 1723 280 1765 tionis
313 1723 547 1766 Veneticae
570 1737 699 1765 usum
721 1723 896 1776 linguae
920 1723 1107 1765 slavicae
1130 1723 1173 1763 in
1196 1722 1426 1763 ritualibus
1454 1722 1497 1762 iu
1521 1720 1740 1762 nonnullis
1762 1720 1960 1773 partibus

146 1781 349 1824 Polensis
382 1782 637 1824 dioeceseos
671 1782 1022 1823 conservandum
1057 1781 1264 1829 decernit,
1299 1781 1355 1821 ib.
1390 1780 1456 1821 61.

289 1840 334 1882 S.
349 1839 644 1893 Congregatio
664 1840 719 1881 de
736 1840 869 1894 Prop.
882 1839 989 1881 Fide
1006 1839 1179 1880 Missale
1193 1838 1688 1891 Glagolito-Romanum
1706 1849 1730 1878 a
1743 1835 1962 1876 Karaman

147 1900 190 1940 et
221 1898 355 1941 Sovic
386 1899 576 1941 revisum
609 1898 772 1952 vulgat,
806 1898 864 1939 ib.
898 1898 975 1947 63;
1014 1898 1131 1939 iden]
1173 1896 1499 1939 Abecedarium
1540 1894 1831 1948 glagoliticum
1875 1891 1962 1933 Ka-

135 1957 330 2008 ramam,
364 1957 422 1998 ib.
448 1958 516 1999 63.

288 2015 444 2057 Eidem
477 2015 520 2058 S.
552 2014 897 2068 Congregationi
919 2014 1125 2055 sacerdos
1147 2012 1398 2065 Ragusinus
1422 2011 1673 2065 Stephanus
1698 2010 1816 2050 Rosa
1839 2020 1962 2049 suam

148 2073 394 2115 versionem
412 2073 597 2115 Missalis
616 2072 1051 2126 Glagolito-Romani
1070 2085 1157 2113 una
1176 2084 1275 2112 cum
1294 2070 1549 2112 recensione
1568 2068 1762 2123 ejusdem
1781 2065 1964 2107 Missalis

152 2145 178 2174 a
209 2132 433 2174 Karaman
465 2132 594 2173 revisi
627 2132 775 2181 offert3
800 2131 884 2173 alia
908 2143 959 2171 ex
980 2132 1105 2184 parte
1138 2143 1286 2171 coram
1320 2129 1414 2182 ipsa
1438 2128 1481 2170 S.
1507 2125 1855 2179 Congregatione
1877 2124 1964 2164 Ka-

151 2203 306 2232 raman
338 2203 464 2232 suam
497 2190 748 2243 apologiam
783 2189 885 2242 agit,
920 2189 978 2230 ib.
1012 2189 1079 2237 71,
1114 2189 1180 2230 73.

290 2247 335 2290 S.
370 2248 505 2301 Cong.
540 2248 724 2290 Concilii
757 2248 970 2290 relatione
1003 2245 1324 2298 archiepiscopi
1363 2243 1633 2298 Spalatensis
1657 2241 1815 2283 certior
1838 2240 1964 2287 facta,

152 2306 296 2359 ipsum
329 2306 725 2360 archiepiscopum,
750 2306 871 2359 quod
914 2306 1098 2346 Decreta
1141 2303 1379 2357 Synodalia
1420 2315 1500 2356 pro
1544 2300 1758 2353 glagolitis
1806 2298 1963 2339 slavice

152 2365 418 2417 vulgaverat,
453 2367 494 2406 et
527 2365 648 2418 quod
682 2363 975 2407 Seminarium
1012 2362 1316 2415 Glagoliticum
1346 2373 1487 2415 prope
1515 2360 1570 2401 ab
1593 2359 1782 2400 Almissa
1810 2356 1966 2397 funda-

152 2425 288 2473 verat,
322 2422 486 2472 laudat,
519 2423 579 2464 ib.
613 2424 681 2464 77.

292 2479 336 2522 S.
371 2480 663 2534 Congregatio
698 2481 751 2522 de
783 2480 916 2533 Prop.
939 2479 1047 2520 Fide
1079 2479 1134 2521 ab
1159 2478 1493 2531 archiepiscopo
1518 2474 1716 2517 Jadrensi
1741 2472 1962 2513 Matthaeo

151 2539 376 2581 Karaman
409 2539 568 2580 certior
613 2539 662 2580 fit
708 2539 763 2580 de
810 2552 893 2580 usu
924 2537 1088 2591 vigenti
1120 2535 1304 2589 igunae
1336 2535 1379 2576 in
1413 2534 1549 2582 Istria,
1585 2532 1761 2574 Groatia
1793 2532 1834 2571 et
1868 2529 1967 2570 Dal-

155 2597 302 2646 matia,
336 2597 394 2638 ib.
427 2597 494 2639 78.

294 2654 340 2697 S.
374 2655 666 2708 Gongregatio
702 2654 885 2696 Concilii
916 2653 1129 2695 relatione
1162 2651 1373 2692 Arbensis
1416 2648 1611 2703 episcopi
1644 2647 1803 2689 certior
1834 2645 1880 2685 fit
1913 2644 1967 2684 de

155 2725 237 2754 usu
266 2712 451 2766 Lgr.nae
483 2714 527 2754 in
557 2713 781 2766 parochiis
813 2711 1003 2754 foraneis
1037 2710 1234 2752 eiusdem
1268 2709 1536 2756 dioeceseos,
1571 2707 1628 2747 ib.
1661 2707 1729 2747 81.

874 2849 1106 2894 Clemens
1138 2847 1256 2890 XIII.

299 2945 342 2986 S.
376 2944 669 2997 Congregatio
704 2943 889 2985 Concilii
936 2942 1148 2984 relatione
1181 2940 1375 2993 episcopi
1410 2934 1765 2988 .lustinopolilani
1786 2933 1850 2973 his
1873 2945 1964 2996 cer-

159 3004 244 3046 tior
274 3003 486 3052 redditur,
530 3003 585 3043 de
617 3001 863 3044 Seminario
910 3000 1079 3054 Illyrico
1114 2999 1391 3043 dioecesano,
1436 2998 1477 3036 et
1522 2994 1640 3046 quod
1688 2993 1729 3032 in
1764 2990 1967 3053 omnibus

159 3061 394 3116 parochiis,
428 3060 666 3112 Evangelia
698 3063 740 3102 et
773 3060 970 3113 Epistola
1002 3059 1149 3109 lingua
1180 3056 1314 3096 latina
1347 3052 1604 3099 decantatis,
1639 3050 1790 3090 eadem
1821 3048 1967 3097 lingua

159 3119 322 3161 slavica
352 3118 519 3171 vulgari
553 3131 604 3159 ex
636 3117 939 3170 Evangeliario
971 3116 1225 3166 nuncupato
1260 3112 1511 3152 Schiavetto
1556 3108 1847 3171 P‘?¹'¹⁰g¹¹.¹¹t¹.¹¹'·
1897 3102 1967 3143 In-

162 3178 384 3230 terrogata
414 3188 518 3218 vero
565 3176 620 3218 ab
655 3176 811 3217 eodem
860 3174 1069 3227 episcopo
1100 3173 1153 3212 de
1185 3171 1314 3223 hujus
1347 3166 1675 3210 consuetudinis
1708 3164 1895 3204 liceitate
1928 3162 1967 3201 et
