2243 3444
341 177 383 208 12
794 176 800 183 “
1019 167 1473 214 Fontesliturgiae

2091 227 2163 234 ἐ...-

340 322 404 358 nis
437 332 548 370 pape
581 318 620 357 X
656 319 703 357 11
742 317 959 357 Februarii
990 316 1100 355 1518
1135 315 1244 353 datis
1277 313 1330 352 ad
1366 312 1666 352 diffiniendam
1701 313 2066 352 controvversiam
2102 313 2162 352 in·
2228 298 2229 303 ¹

340 399 402 429 ter
434 389 621 428 Priorem
676 397 914 427 conventus
948 384 989 426 S.
1019 386 1194 438 Joannis
1246 384 1300 423 de
1334 382 1522 434 Templo
1575 396 1631 422 ex
1665 395 1748 422 una
1799 391 1840 422 et
1893 382 2164 432 Gastaldum,
2227 372 2229 374 V

341 459 576 499 confratres
609 458 845 498 sodalitatis
879 455 956 496 SS.
991 455 1166 507 Georgii
1197 462 1237 493 et
1269 453 1519 504 Tryphonis
1542 452 1844 502 Slavonorum,
1876 453 2162 493 concordium

341 532 448 569 inter
479 537 621 581 partes
654 529 709 568 de
744 540 819 567 usu
854 528 1024 579 linguae
1057 526 1239 565 slavicae
1274 526 1314 563 in
1348 526 1478 563 sacris
1511 525 1552 563 in
1575 524 1711 563 domo
1744 525 1940 564 eiusdem
1975 536 2164 564 conven-
2229 537 2231 582 ς

340 608 407 640 tus
440 599 614 651 Templi
648 600 857 638 statuitur:

485 671 615 710 »Item
650 669 963 720 suprascriptus
985 666 1265 706 Reverendus
1287 666 1503 705 Dominus
1526 665 1642 704 Prior
1665 667 1882 706 concessit
1915 666 2164 706 facultatem
2230 657 2231 662 ¹

341 738 382 769 et
414 731 653 769 libertatem
688 728 814 766 dictis
847 726 1143 767 Confratribus
1177 725 1397 764 cellebrari
1420 725 1606 763 faciendi
1640 726 1681 763 in
1714 725 1830 764 dicta
1861 725 2010 765 schola
2035 737 2163 764 unam

341 791 512 828 missam
549 790 589 826 in
623 788 767 839 lingua
800 799 875 825 seu
908 797 1109 824 sermone
1144 783 1301 824 Sclavo
1335 783 1390 823 ad
1442 783 1796 823 satisffactionam
1831 784 2050 824 dictorum
2087 784 2152 824 ho·

341 850 503 886 minum
540 846 725 887 Scholae
770 845 1028 896 praedictae,
1061 844 1179 883 omni
1226 845 1361 894 prima
1396 842 1628 882 Dominica
1661 842 1890 882 cuiuslibet
1925 844 2100 891 mensis,
2122 851 2164 882 et

342 907 599 958 intelligatur
632 906 761 943 missa
811 917 951 954 parva,
984 911 1025 942 et
1076 903 1182 941 ultra
1215 902 1298 941 hoc
1333 915 1420 940 non
1455 903 1623 952 possint
1656 901 1745 941 fieri
1779 903 1820 940 in
1854 900 1969 941 dicta
2004 901 2166 942 Schola

340 966 419 1004 alia
452 965 593 1004 officia
615 964 680 1003 vel
713 964 818 1002 aliae
851 961 1110 1003 Cirimoniae
1144 961 1222 1000 nisi
1244 967 1409 1000 tantum
1446 961 1715 1000 celebrantes
1737 961 1965 1000 missarum
1998 961 2166 1001 eisdem

342 1035 688 1063 concessarum«.

481 1104 667 1137 Catastico
694 1102 791 1136 della
817 1101 953 1135 Scuola
998 1101 1058 1134 dei
1085 1100 1148 1135 SS.
1177 1100 1332 1140 Giorgio
1378 1112 1398 1134 e
1424 1100 1590 1134 Triffone
1617 1099 1716 1133 della
1759 1100 1894 1134 Nation
1941 1100 2164 1135 Dalmatina.

320 1152 427 1203 ’Mss
456 1162 552 1185 saec.
579 1150 668 1183 XVI
695 1160 740 1182 ss.
771 1150 806 1182 in
833 1149 994 1182 Archivo
1022 1149 1235 1182 omonimae
1264 1147 1590 1182 Confraternitatis
1617 1147 1796 1187 Venetiis,
1825 1147 1847 1182 f.
1875 1150 1931 1182 33.

890 1316 957 1357 44.
990 1305 1112 1356 1518,
1146 1302 1398 1344 Stanis'canz'
1435 1302 1613 1354 Segneu.

482 1401 609 1441 Liber
660 1400 944 1454 Glagoliticus
982 1399 1225 1439 »Antonin«
1264 1399 1308 1439 id
1341 1406 1405 1439 est
1452 1399 1674 1438 »doctrina
1705 1412 1784 1451 pro
1819 1398 2095 1440 Confessario
2127 1406 2169 1440 et

341 1487 418 1524 pro
452 1474 725 1524 poenitente«
763 1485 786 1511 a
818 1472 925 1511 Broz
958 1469 1109 1524 Cjatlic
1148 1472 1189 1510 in
1235 1469 1473 1510 Staniscani
1511 1468 1742 1523 (Stanisc'e)
1775 1468 2012 1523 Segnensis
2046 1470 2168 1510 dioe-

342 1556 493 1583 ceseos
526 1526 614 1594 prol
638 1543 743 1582 Broz
775 1542 938 1582 Kazitic
989 1542 1176 1581 describi
1211 1541 1449 1588 inchoatur,
1483 1549 1528 1581 ut
1561 1548 1679 1592 patet
1712 1554 1768 1580 ex
1802 1541 1997 1593 pluribus
2028 1541 2169 1581 adno-
2238 1561 2240 1581 ι

340 1616 572 1654 tationibus
605 1614 744 1653 latinis
778 1620 819 1653 et
852 1613 1121 1666 glagoliticis.

481 1694 715 1738 Kukuljevid,
744 1694 860 1727 Arkiv
886 1704 926 1727 za
953 1694 1191 1737 povjestnicu
1209 1693 1393 1738 jugoslav.
1421 1693 1482 1733 IV,
1504 1692 1705 1738 Zagrabiae
1726 1695 1828 1733 1857,
1856 1704 1890 1737 p.
1913 1696 1993 1734 374,
2021 1697 2059 1728 et
2079 1693 2169 1727 alias

341 1742 603 1775 adnotationes
629 1741 808 1774 referens.
838 1761 877 1766 -

921 1873 985 1914 45.
1020 1873 1137 1913 4520,
1170 1860 1288 1901 Novi
1316 1860 1601 1911 Modruscien.

482 1956 741 1997 Aedificatio
786 1957 983 1997 absoluta
1016 1958 1244 1996 sanctuarii
1277 1956 1486 1996 ecclesiae
1539 1957 1712 1996 maioris
1745 1958 1786 1996 in
1820 1956 1932 1996 Novi
1965 1956 2167 1996 Vinodo-

342 2029 448 2067 lensi
481 2028 822 2068 Modrusciensis
856 2028 1113 2068 dioeceseos
1145 2028 1284 2067 latinis
1316 2040 1366 2066 ac
1400 2028 1657 2080 glagoliticis
1689 2029 1895 2075 numeris,
1928 2029 2165 2069 memoriae

344 2100 631 2151 consignatur.

482 2167 718 2212 Kukuljevic',
746 2168 841 2201 Acta
869 2168 1041 2201 croatica.
1070 2167 1271 2211 Zagrabiae
1299 2169 1401 2209 1860,
1429 2170 1510 2201 321.

893 2325 962 2375 46.
997 2335 1111 2374 1521,
1144 2335 1193 2373 13
1225 2322 1390 2370 Martii,
1433 2322 1611 2375 Segnae.

484 2416 728 2469 Capitulum
762 2418 973 2457 ecclesiae
1006 2418 1264 2458 cathedralis
1300 2417 1536 2471 Segnensis
1568 2419 1727 2458 litteras
1749 2418 2062 2458 testimoniales
2083 2417 2170 2470 gla·
2239 2463 2241 2466 Α

345 2489 528 2539 goliticis
561 2489 878 2528 characteribus
911 2490 1193 2539 conscriptas,
1240 2491 1280 2528 in
1315 2491 1491 2528 materia
1520 2489 1744 2541 judiciaria
1777 2488 1928 2529 officio
1962 2489 2045 2528 loci
2079 2501 2170 2528 cre-
2235 2503 2241 2516 ÷

345 2559 487 2597 dibilis
520 2559 716 2611 fungens,
749 2560 914 2599 emittit.

485 2639 720 2682 Kukuljevic.
749 2641 843 2672 Acta
870 2640 1041 2673 croatica.
1069 2640 1269 2684 Zagrabiae
1299 2642 1399 2680 1869,
1427 2643 1507 2673 207.

484 2804 549 2845 47.
582 2805 696 2845 1521,
730 2795 786 2833 18
818 2793 990 2847 Aprilis,
1025 2794 1067 2834 in
1098 2794 1359 2835 Monasterio
1400 2795 1443 2836 5.
1477 2794 1716 2836 salvatoris
1748 2794 2030 2849 Modruscien.

2232 2878 2242 2887 .,

485 2887 632 2927 Frater
662 2888 855 2928 Thomas
907 2889 1103 2928 Vicarius
1155 2891 1400 2930 monasterii
1435 2889 1476 2930 S.
1510 2890 1677 2930 Nicolai
1730 2891 1770 2929 in
1804 2889 1957 2930 Gvozd
1990 2878 2168 2930 Modru-
2224 2896 2243 2942 ῦς

347 2959 524 2996 sci(·nsis
569 2958 837 3007 dioeceseos,
878 2960 1152 2998 provincialis
1186 2970 1227 2999 et
1261 2960 1467 3000 Visitator
1517 2960 1800 3012 Apostolicus
1850 2960 2168 3000 Heremitarum
2231 2961 2240 2991 't

348 3027 600 3069 Croatorum
649 3031 689 3067 in
725 3029 895 3068 Litorali
931 3038 971 3069 et
1006 3030 1134 3078 istria,
1184 3031 1331 3071 litteris
1365 3032 1621 3085 glagoliticis
1672 3031 1991 3071 characteribus
2041 3042 2167 3073 cons·

2230 2999 2241 3021 ι

2227 3069 2243 3129 l*

2228 3138 2238 3175 l

2220 3391 2223 3399 x
