2191 3434
561 113 1121 164 Glagolito-Romanae
1148 112 1240 150 XVI
1268 126 1296 150 S.
1799 117 1843 151 37

518 280 617 330 146.
650 277 777 329 1583,
810 273 1010 316 Hrnetz'c‘z‘
1038 272 1296 325 Zagrabz'en.

127 374 368 427 Gregorius
396 371 607 426 Jankovic
640 372 855 424 plebanus
889 373 930 411 in
964 369 1159 410 Hrnetici
1205 370 1508 423 Zagrabiensis
1552 368 1837 415 Dioeceseos,

4 446 203 501 'agolita

11 541 23 577 *j
51 575 87 611 b·
125 525 604 610 Colggctiszopasicianae
633 525 707 569 Cfr.
734 524 900 565 Tkalcic¹‚
941 523 1150 558 Slavensko
1190 522 1415 567 bogosluije
1456 533 1479 556 u
1522 522 1742 567 Hrvatskoj‚
1779 522 1844 556 Za-

6 583 50 615 &a
79 585 136 610 iae
236 579 269 612 4.
345 601 352 609 .

546 776 641 821 147.
673 768 801 820 1580,
841 765 968 808 Gn'z'e
998 763 1287 806 Modruscien.

125 863 248 904 Luka
269 863 430 904 Mavrit':
452 864 704 916 capellanus
736 876 767 903 s.
800 862 972 903 Martini
993 863 1034 902 in
1059 861 1188 902 Griie
1209 860 1554 901 Modrusciensis
1576 860 1839 901 dioeceseos

22 942 322 976 strumentum
380 937 717 988 compositionis
774 935 987 974 iudicialis
1038 935 1148 973 inter
1199 933 1423 982 Griianos‚
1474 932 1764 986 Biogradinos
1798 938 1840 971 et

22 983 308 1058 livenicanos,
341 1008 590 1062 glagolitice
627 1009 646 1047 1
684 1007 943 1047 Decembris
981 1006 1094 1046 1449
1126 1006 1394 1054 confectum,
1430 1004 1670 1056 exemplat.

125 1081 287 1130 Surmin‚
315 1090 413 1123 Acta
435 1089 600 1123 croatica
627 1089 652 1130 Ι,
679 1087 883 1134 Zagrabiae
910 1090 1014 1128 1898,
1043 1090 1104 1122 181
1139 1099 1186 1122 ss.

546 1295 646 1355 148.
679 1294 810 1347 1584,
841 1291 1004 1347 Lipm'k
1035 1291 1293 1344 Zagrabzkn.

7 1447 9 1449 v
123 1390 373 1444 Stephanus
424 1390 603 1431 Matasic}
657 1390 876 1442 parochus
928 1391 970 1429 in
1015 1389 1176 1442 Lipnik
1227 1389 1529 1443 Zagrabiensis
1564 1388 1840 1435 dioeceseos,

34 1464 198 1517 golita.

126 1544 302 1589 Lopasic,
328 1543 416 1580 Oko
444 1544 556 1588 Kupe
584 1545 593 1578 i
621 1545 784 1585 Korane,
813 1543 1019 1589 Zagrabiae
1046 1545 1151 1585 1895,
1179 1546 1247 1578 232

395 1763 491 1805 149.
525 1752 651 1804 1585,
670 1762 749 1804 15.
782 1749 964 1804 Αρνίίῑζς,
1007 1748 1226 1790 Verbenz'cz'
1265 1749 1434 1802 Veglen.

125 1848 251 1901 Opus
284 1850 538 1901 incoeptum
574 1847 891 1888 aedificationis
925 1846 1139 1887 ecclesiae
1184 1846 1444 1898 parochialis
1496 1845 1838 1886 Verbenicensis

24 1932 214 1986 glensis
247 1933 522 1981 dioeceseos,
554 1932 838 1983 inscriptione
890 1931 1139 1984 glagolitica
1191 1943 1317 1970 muro
1369 1929 1570 1970 eiusdem
1624 1930 1838 1969 ecclesiae

24 2007 188 2055 missa,
221 2005 460 2045 memoriae
494 2005 788 2057 consignatur.

125 2086 365 2132 Kukuljevic,
392 2087 488 2121 Acta
513 2086 690 2127 croatica,
717 2085 921 2131 Zagrabiae
948 2086 1053 2125 1869,
1080 2086 1161 2118 286.

658 2290 752 2332 150.
785 2279 912 2332 1585.
945 2277 1118 2319 Romae.

26 2430 27 2434 Ἰ
125 2377 423 2431 Martyrologii
455 2377 642 2417 Romani
675 2377 860 2416 restituti
892 2388 943 2415 ac
977 2374 1173 2416 Caesaris
1219 2375 1390 2415 Baronii
1439 2375 1741 2415 testimonium
1776 2373 1834 2414 de

32 2461 56 2488 e
87 2449 227 2498 natali,
259 2449 494 2501 sepulchro
526 2461 578 2488 ac
611 2448 803 2501 reliquiis
837 2446 915 2488 SS.
949 2446 1097 2499 Cyrilli
1132 2453 1175 2487 et
1206 2445 1420 2486 Methodii
1455 2448 1496 2486 in
1530 2445 1710 2486 basilica
1749 2445 1838 2485 Ro-

32 2532 112 2560 ana
144 2519 188 2561 S.
220 2519 472 2563 Clementis.

127 2602 328 2656 Septimo
360 2604 463 2645 Idus
495 2603 637 2645 Martii
658 2626 716 2632 —
738 2603 783 2643 ln
816 2602 1008 2643 Moravia
1040 2608 1292 2642 sanctorum
1326 2601 1654 2653 Episcoporum
1688 2599 1838 2652 Cyrilli

58 2662 284 2713 Methodii,
316 2665 390 2717 qui
423 2665 582 2705 multas
614 2664 782 2704 illarum
816 2664 1046 2716 regionum
1093 2667 1247 2715 gentes
1299 2674 1401 2701 cum
1453 2673 1608 2701 eorum
1659 2661 1837 2714 regibus

73 2722 207 2764 fidem
240 2722 396 2765 Christi
429 2724 744 2776 perduxerunt.
776 2723 912 2763 Porro
946 2721 1080 2762 iidem
1114 2719 1211 2775 (SS.
1246 2720 1432 2773 Cyriilus
1466 2727 1508 2761 et
1560 2717 1835 2772 Methodius)

32 2795 152 2823 0mae
202 2783 438 2824 morientes
485 2784 702 2824 miraculis
735 2782 836 2823 clari
869 2782 1027 2834 sepulti
1060 2787 1172 2830 sunt,
1205 2793 1395 2834 quorum
1439 2793 1582 2820 sacras
1634 2779 1838 2833 reliquias

31 2854 124 2894 per
142 2844 224 2883 sub
244 2843 365 2883 altari
385 2843 586 2898 ejusdem
621 2842 835 2883 ecclesiae
869 2839 929 2895 (S.
964 2838 1223 2894 Clementis)
1257 2841 1419 2881 sacello
1467 2846 1719 2893 pervetusto
1773 2851 1838 2878 re-

33 2907 129 2942 ,rtas
161 2915 257 2943 esse
288 2903 454 2955 accepi.

127 2983 436 3029 Martyrologium
463 2983 677 3018 Romanum
703 2983 919 3017 restitutum
947 2981 1120 3027 Gregorii
1150 2982 1186 3016 P.
1216 2982 1302 3016 XIII
1342 2982 1446 3015 iussu
1483 2980 1639 3021 editum,
1680 2983 1837 3013 auctore

31 3039 148 3064 esaro
174 3030 333 3065 Baronio
360 3030 521 3074 Sorano,
548 3031 708 3072 Romae,
736 3033 841 3072 1585,
868 3032 937 3064 145
963 3041 992 3064 S.
