2191 3434
557 313 1093 364 Glagolito-Romanae
1141 312 1275 351 XVII
1325 327 1360 350 s.
1771 314 1815 352 43

59 459 314 502 Slavonicae
347 459 401 501 ab
445 458 577 499 sacris
625 471 786 507 arcere,
830 457 1116 511 proscribere,
1161 459 1201 498 et
1250 456 1431 498 omnino
1464 457 1679 510 abrogare
1711 458 1859 502 vellet:

57 530 114 572 ob
146 542 330 582 eamque
363 541 541 570 causam
575 526 748 582 [litteris
781 527 825 569 S.
859 527 1302 580 congregationis14
1333 526 1494 579 Aprilis
1527 526 1656 581 1654]
1683 540 1858 580 raepre-

55 600 217 641 hensus
249 601 326 647 est,
359 601 406 639 ut
438 611 462 640 a
493 598 628 639 veteri
661 597 981 639 consuetudine
1014 597 1242 646 movenda,
1275 596 1495 649 rebusque
1528 597 1743 637 novandis
1777 597 1855 637 ab·

56 669 247 710 stineret.
281 667 406 708 Hanc
438 667 750 708 accusationen
774 667 944 719 egregie
967 666 1104 715 diluit,
1127 668 1168 706 et
1190 665 1297 706 nihil
1316 665 1434 706 aliud
1474 665 1556 706 sibi
1580 666 1861 718 propositum

55 737 190 779 fuisse
232 736 477 785 declararit,
520 736 601 777 nisi
649 739 696 777 ut
743 736 887 777 clerici
935 738 977 776 et
1018 735 1260 789 presbyteri
1304 748 1399 776 cum
1444 733 1615 789 Illyrico
1659 748 1862 776 sermone

56 806 251 849 studium
295 806 441 855 etiam,
484 806 872 859 cognitionemque
912 805 1073 860 latinae
1114 805 1288 857 linguae
1331 804 1520 846 maxime
1568 805 1859 847 necessariam

57 876 270 919 ecclesiae
315 878 357 917 et
399 875 591 917 dioecesi
629 875 840 926 Seniensi,
888 876 1217 929 conjungerent.
1251 875 1371 916 Haec
1413 874 1483 915 ille
1515 874 1558 915 in
1590 874 1679 916 suis
1708 875 1862 916 litteris

55 947 112 988 ad
144 945 422 988 Cardinalem
455 945 707 987 Praesidem
740 945 902 987 Sacrae
936 944 1345 998 Congregationis“.

819 1025 1038 1081 [Flumine
1070 1027 1095 1068 5
1130 1025 1400 1079 Septembris
1441 1024 1585 1080 1654}

334 1106 688 1149 Eminentissime
723 1109 764 1148 et
794 1107 1176 1148 Reverendissime
1209 1106 1397 1148 Domine
1429 1107 1615 1149 Domine

612 1168 653 1206 et
685 1165 877 1206 Patrone
910 1165 1240 1206 Colendissime.

197 1246 382 1288 Litteras
415 1246 687 1288 Eminentiae
728 1246 909 1288 Vestrae
952 1246 1077 1287 datas
1118 1246 1174 1287 ab
1216 1245 1333 1287 Urbe
1365 1246 1437 1287 die
1472 1247 1536 1295 14,
1568 1246 1731 1299 Aprilis
1765 1259 1862 1288 cur-

57 1304 191 1346 rentis
222 1307 338 1355 anni,
371 1317 487 1345 nunc
533 1304 723 1357 primum
755 1305 824 1346 die
857 1304 923 1346 30.
956 1304 1143 1356 Augusti
1175 1304 1281 1345 mihi
1314 1304 1528 1346 exhibitas
1560 1318 1658 1346 cum
1691 1318 1862 1347 summa

57 1363 302 1405 reverentia
349 1366 389 1404 et
428 1362 711 1404 veneratione
758 1363 930 1415 accepi,
978 1363 1038 1403 ita
1083 1362 1152 1402 ille
1198 1362 1263 1403 vir
1309 1362 1466 1411 bonus,
1511 1363 1585 1416 qui
1627 1376 1862 1416 personam

56 1434 200 1463 meam
231 1421 350 1474 apud
394 1421 686 1462 Eminentiam
730 1419 942 1469 Vestram,
985 1423 1027 1461 et
1068 1420 1187 1472 apud
1234 1420 1363 1461 istam
1397 1421 1577 1462 Sacram
1613 1421 1862 1473 Congrega-

57 1479 225 1520 tionem
258 1479 475 1520 detulerat
507 1479 631 1531 quasi
665 1491 745 1531 ego
788 1491 914 1519 usum
947 1477 1142 1531 Illyricae
1183 1478 1356 1530 linguae
1391 1480 1539 1520 tollere
1572 1482 1613 1520 et
1645 1480 1860 1531 abrogare

57 1537 112 1579 de
158 1537 272 1578 facto
313 1537 590 1585 intenderim,
638 1537 842 1578 exhibere
885 1537 1094 1578 mandata
1145 1536 1403 1578 Eminentae
1453 1537 1631 1578 Vestrae
1678 1537 1860 1591 aliquod

56 1595 278 1636 mensibus
310 1595 380 1636 hic
411 1594 530 1647 apud
561 1607 606 1635 se
650 1595 827 1636 detenta
868 1595 935 1635 vel
977 1596 1134 1635 timore
1178 1595 1292 1635 male
1337 1598 1538 1636 narratae
1570 1595 1646 1643 rei,
1678 1596 1745 1637 vel
1777 1595 1864 1637 alia

55 1652 138 1694 sibi
168 1656 380 1694 consueta
410 1653 748 1705 praerogatione
790 1653 960 1702 ductuS,
994 1653 1244 1694 retardavit.
1288 1653 1504 1694 Profiteor
1534 1653 1664 1706 igitur
1695 1654 1861 1695 sincere

59 1713 101 1752 et
133 1711 319 1752 candide
362 1723 506 1752 coram
550 1711 798 1752 Eminentia
833 1711 984 1752 Vestra
1027 1713 1067 1751 et
1100 1711 1182 1751 ista
1226 1710 1361 1752 Sacra
1395 1711 1757 1764 Congregatione,
1791 1725 1859 1752 me

55 1781 281 1822 nunquam
338 1768 628 1810 intentionem
686 1768 940 1810 huiusmodi
988 1768 1284 1809 tollendorum
1335 1769 1540 1810 nimirum
1593 1769 1861 1824 Illyricorum

57 1827 360 1868 exercitiorum
394 1829 470 1867 aut
501 1827 722 1875 habuisse,
755 1829 830 1868 aut
861 1827 1049 1875 habere3
1083 1826 1188 1867 illud
1220 1840 1323 1868 vero
1356 1840 1445 1868 non
1477 1828 1648 1869 inficior
1680 1841 1748 1868 me
1780 1828 1860 1869 ho-

56 1898 152 1926 rum
194 1898 481 1938 meorumque
524 1884 814 1926 Sacerdotum
857 1885 1047 1926 ruditate
1089 1887 1130 1925 et
1162 1897 1368 1937 suprema
1402 1885 1644 1927 litterarum
1676 1886 1860 1934 inscitia,

59 1956 146 1996 qua
176 1943 397 1993 laborant,
432 1942 674 1992 inductum,
708 1945 755 1984 ut
787 1942 960 1984 scholas
991 1943 1275 1996 parvulorum
1318 1943 1474 1984 latinas
1507 1944 1549 1984 in
1582 1944 1761 1996 singulis
1783 1957 1862 1997 pa-

56 2001 217 2042 rochiis
249 2001 473 2053 erigerem,
507 2004 725 2054 quatenus
774 2001 859 2042 hoc
901 2001 1157 2055 adjumento
1201 2001 1408 2053 deinceps
1450 2001 1620 2055 possint
1651 2002 1864 2055 tantisper

59 2059 116 2101 ad
147 2060 363 2114 maJ'orem
394 2072 539 2100 rerum
571 2059 862 2112 spiritualium
895 2059 1190 2111 cognitionem
1224 2059 1268 2099 hi
1310 2060 1454 2109 rudes,
1487 2063 1528 2100 et
1562 2060 1681 2101 omni
1714 2060 1863 2112 cogni-

62 2117 182 2158 tione
214 2117 458 2159 divinarum
490 2130 635 2158 rerum
667 2117 824 2170 privati
858 2116 1117 2159 Sacerdotes
1160 2119 1200 2157 et
1241 2118 1408 2171 populi,
1451 2118 1507 2158 ad
1542 2118 1618 2158 Dei
1652 2121 1693 2159 et
1726 2119 1862 2159 eccle-

61 2174 153 2216 siae
185 2175 379 2227 gloriam,
420 2175 736 2228 propriamque
777 2174 961 2217 salutem
1005 2188 1243 2227 assurgere.
1285 2175 1382 2217 Non
1429 2175 1669 2228 incongrue
1701 2179 1861 2225 autem,

61 2235 273 2286 quantum
307 2233 412 2273 mihi
445 2233 624 2286 quidem
656 2233 844 2282 videtur,
879 2233 1119 2274 existimavi
1153 2235 1194 2273 et
1238 2234 1438 2274 Latinam
1470 2233 1662 2286 linguam
1696 2237 1737 2275 et
1769 2235 1863 2287 llly-

59 2291 207 2340 ricam,
249 2303 489 2344 earumque
536 2291 740 2332 exercitia
771 2291 899 2332 simul
937 2291 980 2332 in
1003 2291 1156 2332 iisdem
1180 2291 1435 2332 hominibus
1458 2295 1500 2332 et
1523 2292 1712 2333 ecclesiis
1734 2295 1862 2342 stare,

35 2351 104 2390 *et
134 2361 180 2390 se
211 2352 365 2390 mutuo
396 2349 587 2402 compati
618 2362 772 2401 posse;
820 2362 921 2390 nam
964 2352 1005 2390 et
1037 2349 1080 2390 in
1122 2349 1205 2390 hae
1249 2350 1345 2402 ipsa
1377 2349 1550 2391 civitate
1584 2350 1861 2400 Fluminensi,

62 2419 113 2448 ex
144 2419 232 2460 qua
262 2407 421 2456 scribo,
454 2407 558 2448 olim
590 2420 688 2448 mea
718 2408 945 2456 memoria,
989 2420 1141 2448 omnes
1188 2407 1451 2449 Sacerdotes
1493 2407 1675 2462 Illyricis
1707 2408 1862 2458 solum,

62 2467 104 2506 et
135 2465 203 2505 vix
235 2465 328 2506 aliis
361 2465 575 2506 exercitiis
608 2465 867 2514 utebantur3
912 2478 1029 2506 nunc
1076 2465 1303 2519 utriusque
1343 2465 1455 2506 adeo
1489 2466 1665 2507 laudate
1699 2469 1740 2506 et
1772 2467 1862 2518 glo-

62 2522 176 2564 riose
224 2522 448 2570 excellant,
497 2525 545 2563 ut
588 2525 629 2563 et
666 2521 835 2576 Illyrici,
879 2526 919 2564 et
961 2523 1090 2563 simul
1137 2523 1222 2564 sint
1260 2523 1429 2571 Latini;
1469 2523 1653 2577 ipsaque
1701 2524 1864 2576 Illyrica

64 2580 269 2622 exercitia
310 2593 490 2634 prorsus
532 2581 709 2631 musice,
753 2583 794 2622 et
840 2594 866 2622 a
908 2583 1170 2622 concentum
1209 2594 1441 2622 numerose
1484 2583 1730 2629 decantent,
1765 2595 1863 2622 cum

66 2637 203 2691 gloria
234 2639 387 2690 gentis,
421 2641 462 2679 et
496 2638 681 2680 civitatis
714 2642 988 2680 ornamento.
1020 2639 1250 2680 Accedunt
1274 2642 1314 2680 et
1337 2640 1417 2680 hac
1450 2652 1647 2680 summae
1678 2652 1864 2692 sequen-

61 2697 126 2737 tes
157 2708 328 2746 causae,
361 2709 474 2750 quae
505 2696 794 2738 necessariam
838 2697 880 2737 in
923 2696 1225 2738 ecclesiasticis
1268 2697 1457 2738 reddunt
1502 2697 1660 2738 latinae
1689 2698 1863 2749 linguae

63 2753 354 2806 cognitionem
389 2755 431 2794 in
453 2754 652 2806 partibus
676 2754 925 2807 Hungariae
949 2755 1180 2809 subjectis;
1205 2755 1324 2809 quod
1348 2755 1554 2796 nimirum
1589 2756 1862 2806 generalibus

64 2811 106 2851 in
139 2811 293 2852 diaetis
316 2811 594 2853 ecclesiastici
617 2812 709 2860 viri,
734 2815 775 2853 et
797 2825 895 2852 mea
916 2813 1012 2865 ipsa
1033 2812 1245 2853 dioecesis
1267 2813 1411 2853 locum
1437 2816 1478 2853 ct
1500 2825 1652 2853 vocem
1678 2813 1860 2859 habeat:

65 2868 184 2921 quod
207 2869 285 2918 ius,
311 2872 352 2910 et
383 2870 602 2922 religionis
637 2870 878 2911 catholicae
912 2871 968 2911 ob
1002 2873 1204 2911 votorum
1244 2873 1527 2923 augmentum
1561 2870 1736 2916 utilitas,
1770 2871 1862 2910 sine

63 2925 222 2968 latinae
252 2927 398 2981 aliqua
428 2927 601 2980 linguae
632 2928 788 2969 notitia
819 2941 897 2981 per
928 2941 1049 2969 meos
1073 2928 1261 2977 retineri,
1297 2932 1336 2969 et
1370 2928 1619 2968 conservari
1654 2928 1771 2968 nulla
1794 2928 1862 2968 via

65 2985 139 3024 aut
170 2985 304 3026 ruodo
336 2987 493 3038 potest.
529 2984 798 3026 In‘comitiis
831 2986 947 3026 enim
981 2985 1060 3026 illis
1106 2986 1292 3039 publicis
1340 2988 1559 3038 quotquot
1608 2988 1863 3038 comparent

70 3041 361 3092 ecclesiastici,
393 3045 458 3084 tot
489 3043 605 3084 viros
638 3043 914 3084 doctissimos
949 3045 990 3083 et
1022 3044 1237 3095 sapientia
1285 3043 1423 3084 claros
1457 3046 1519 3083 est
1554 3056 1740 3088 censere,
1774 3056 1862 3082 non

65 3098 146 3139 hos
187 3099 452 3154 hujusmodi,
486 3101 635 3153 quales
668 3101 879 3142 hactenus
914 3101 1086 3141 fuerunt
1122 3115 1208 3141 non
1241 3102 1379 3141 solum
1416 3115 1472 3146 re,
1507 3101 1581 3139 sed
1617 3104 1650 3138 vt
1690 3101 1862 3151 loquela

66 3158 273 3204 carentes,
306 3158 504 3209 agricolis
537 3159 684 3211 potius
719 3159 869 3199 habitu
921 3159 1119 3210 corporis
1154 3172 1291 3209 pares,
1337 3171 1423 3197 non
1459 3158 1773 3197 {fiac-erdotibus
1806 3158 1862 3196 si-

67 3214 197 3254 miles.
231 3214 425 3256 Alterum
463 3219 538 3265 est,
573 3216 693 3268 quod
727 3229 823 3257 mea
855 3229 1032 3268 quoque
1081 3217 1292 3256 dioecesis¹
1326 3216 1526 3266 sigillum,
1561 3217 1687 3254 {th-iii
1723 3215 1861 3266 digni-
