2191 3434
567 103 1150 148 Glagolito-Romanac
1186 101 1289 136 XIV.
1320 112 1347 135 s,
1865 103 1885 136 9

599 250 667 295 18,
701 249 824 299 1380,
858 259 907 287 12
940 245 1116 300 Aprilis,
1150 246 1330 298 Segnae.

184 346 431 399 Capitulum
483 345 695 385 ecclesiae
746 343 1004 383 cathedralis
1056 341 1309 395 Segnensis‚
1360 343 1400 381 in
1436 342 1777 395 congregatione
1810 355 1886 381 sua

41 419 232 472 plenaria
264 417 320 457 ad
371 417 456 457 hoc
507 416 753 468 specialiter
805 423 1061 462 convocata,
1093 420 1301 453 statutum
1338 412 1586 464 capitulare,
1619 425 1707 464 quo
1742 412 1885 452 officia

43 496 85 530 et
127 490 216 529 iura
267 489 580 528 canonicorum
632 486 879 540 singulatim
933 485 1157 537 perpetuis
1208 485 1481 535 temporibus
1532 483 1887 532 determinantur,

43 560 364 600 characteribus
399 558 658 613 glagoliticis
692 556 850 597 confici
884 557 1016 596 iubet,

183 639 420 683 Kukuljevic,
447 639 564 673 Arkiv
603 649 643 672 za
673 637 814 684 Jugosl.
842 638 945 682 povj.
984 637 1074 681 knji.
1114 637 1156 676 II,
1200 638 1348 670 77—85.
1389 635 1535 677 Ljubic',
1563 634 1752 680 Ogledalo
1793 636 1887 680 knji-

41 687 158 722 ievne
184 687 348 732 povjesti
369 685 509 731 Jugosl.
538 686 657 720 Rieka
683 688 786 726 1864,
814 688 892 719 317.

664 855 730 893 19.
763 841 1052 893 1312—1382.
1091 839 1272 888 Jadren.

181 939 444 979 Breviarium
487 937 797 991 Glagoliticum
840 937 1132 977 Pasmanense
1174 949 1254 988 pro
1292 936 1464 976 abbatia
1506 949 1560 976 ss.
1612 934 1801 978 Cosmae
1846 945 1887 978 et

41 1010 239 1051 Damiani
280 1009 738 1063 Rogovo—Tkonensis
759 1007 811 1049 O.
845 1007 887 1049 S.
920 1008 1157 1055 Benedicti,
1189 1009 1244 1047 ab
1288 1006 1641 1060 Archiepiscopo
1670 1008 1889 1061 Jadrensis

40 1081 260 1122 Matthaeo
293 1080 510 1121 Karaman
542 1080 740 1120 eiusdem
780 1081 1029 1120 monasterii
1071 1080 1230 1119 abbate
1259 1077 1646 1121 Commendatario
1681 1078 1723 1133 (†
1760 1078 1887 1133 1771)

0 1160 320 1206 ¹asservatum,
380 1166 404 1192 a
457 1153 652 1192 monacis
697 1151 988 1191 benedictinis
1040 1149 1574 1203 Rogovo-Tkonensibus‚
1627 1151 1889 1191 illuminatur

40 1237 91 1264 ac
125 1224 423 1264 conscribitur.

182 1305 209 1338 1.
234 1303 374 1344 Bercicss
403 1295 562 1339 Citanka
587 1303 784 1338 staroslov.
810 1303 933 1348 jezika
960 1303 1054 1347 prag
1081 1305 1186 1344 1864,
1225 1303 1296 1337 XII
1325 1307 1362 1336 et
1389 1305 1430 1336 51
1460 1314 1488 1343 s,
1517 1303 1651 1338 Codex
1677 1303 1736 1337 hic
1767 1315 1888 1348 usque

0 1365 1 1388 l
41 1352 88 1386 ad
103 1363 240 1386 annum
269 1355 359 1386 1880
387 1362 418 1385 c.
445 1352 546 1396 apud
566 1352 774 1386 Antonium
795 1351 951 1386 Sandric
973 1351 1265 1385 Pasmencnsem
1287 1355 1531 1392 asservatum,
1553 1352 1587 1384 in
1611 1351 1886 1386 Collectionem

42 1400 278 1434 Academiae
300 1399 563 1445 Jugoslavicae
589 1398 847 1444 Zagabriensis
874 1400 1028 1432 transiit.

748 1567 813 1596 20.
846 1556 970 1608 1387,
1013 1555 1178 1608 Veglen.

0 1686 2 1697 θ
181 1639 355 1680 Missale
390 1639 701 1692 Glagoliticum
736 1638 1028 1692 Omisaljense
1062 1641 1103 1679 in
1138 1640 1331 1680 dioecesi
1370 1639 1590 1694 Veglensi‚
1624 1654 1702 1693 pro
1738 1654 1888 1682 mona-

0 1702 2 1724 ²
42 1712 172 1751 sterio
205 1711 484 1764 Regularium
519 1712 819 1760 conscribitur,
862 1718 906 1751 ut
947 1724 1005 1751 ex
1051 1711 1408 1752 adnotationibus
1443 1714 1604 1752 mensis
1638 1713 1888 1753 decembris

46 1783 157 1823 1387
191 1784 234 1822 in
267 1783 364 1834 ipso
398 1782 522 1822 illatis
565 1784 743 1833 eruitu1·;
776 1795 982 1835 nuncque
1015 1796 1118 1822 vero
1153 1784 1194 1823 in
1229 1784 1495 1823 bibliotheca
1517 1782 1701 1837 Collegii
1727 1785 1887 1826 Urbani

43 1853 99 1894 de
132 1853 418 1907 Propaganda
450 1853 560 1893 Fide
593 1861 846 1893 asservatur.

183 1934 393 1975 Assemani,
428 1933 511 1968 Kal.
546 1933 616 1968 Un.
644 1933 744 1975 Eccl‚
785 1934 846 1973 IV,
875 1945 954 1978 cap.
980 1935 1136 1980 1V‚§6:
1165 1935 1349 1969 Breviaria
1388 1941 1425 1970 et
1439 1936 1600 1970 Missalia
1635 1938 1889 1980 manuscripta

0 1996 2 2008 ⁷
44 1980 190 2016 Slavico
216 1980 413 2022 Sermone,
439 1982 510 2015 ritu
537 1982 685 2016 Latino.
724 1983 746 2015 Ι.
776 1981 915 2023 Bercie,
944 1974 1104 2018 Citanka
1129 1983 1327 2017 staroslov.
1352 1984 1475 2028 jezika
1502 1985 1595 2028 Prag
1623 1986 1725 2020 1864,
1753 1996 1788 2028 p.
1816 1985 1885 2019 XII

0 2028 2 2040 '
42 2034 81 2063 et
107 2031 151 2064 56
178 2040 218 2070 s.,
246 2021 406 2070 Surmin,
434 2030 530 2063 Acta
556 2030 721 2064 croatica
746 2030 771 2070 Ι,
799 2030 1002 2075 Zagabriae
1029 2034 1132 2071 1898,
1160 2033 1215 2066 29.

671 2197 734 2227 21.
768 2187 1061 2240 1379—1387‚
1095 2185 1275 2240 Segnen.

185 2268 446 2310 Breviarium
493 2269 804 2323 Glagoliticum
840 2270 936 2311 Vol.
983 2271 1009 2311 Ι.
1043 2270 1271 2323 Proprium
1318 2271 1373 2312 de
1406 2279 1606 2324 tempore
1642 2275 1888 2321 continens,

46 2340 174 2393 quod
207 2342 247 2380 in
281 2340 550 2381 Bibliotheca
583 2340 767 2396 Collegii
801 2342 963 2384 Urbani
996 2342 1052 2382 de
1086 2343 1372 2396 Propaganda
1404 2343 1513 2383 Fide
1534 2352 1787 2394 asservatur,
1807 2359 1886 2397 pro

0 2455 3 2466 ι
46 2411 231 2452 ecclesia
253 2410 295 2453 S.
312 2411 488 2464 Joannis
511 2412 742 2464 parochiae
763 2412 976 2466 Okruglje
1011 2421 1053 2454 et
1085 2413 1351 2454 Tribikovici
1387 2416 1427 2454 in
1450 2414 1643 2455 dioecesi
1672 2414 1886 2468 Segnensi

46 2484 343 2523 conscribitur.

187 2564 395 2605 Assemani,
416 2564 497 2599 Kal.
513 2565 582 2600 Un.
606 2564 706 2599 Eccl.
722 2565 782 2599 IV.
798 2576 877 2609 cap.
896 2564 959 2600 IV.
975 2566 994 2611 ξ
1010 2568 1041 2601 6.
1069 2567 1253 2601 Breviaria
1275 2572 1311 2601 et
1328 2567 1489 2601 Missalia
1511 2568 1776 2611 manuscripta,
1804 2568 1886 2602 Sla-

46 2610 130 2644 vico
148 2621 334 2646 sermone.
362 2613 432 2646 ritu
458 2612 604 2647 Latino.
620 2613 846 2647 Breviarium
868 2618 955 2648 ante
981 2624 1119 2648 annum
1142 2617 1231 2648 1387
1254 2620 1448 2649 exaratum
1475 2626 1544 2658 pro
1572 2615 1741 2649 Ecclesia
1769 2615 1803 2649 S.
1825 2617 1884 2660 Jo-

46 2658 152 2692 annis
177 2657 224 2692 de
249 2658 501 2694 Tribihovichi
517 2664 554 2694 et
569 2660 736 2706 Krughla
759 2660 1000 2704 (dioeceseos
1027 2661 1247 2705 seniensis),
1283 2663 1352 2696 sub
1363 2662 1507 2707 Joanne
1529 2663 1695 2707 Vegliae,
1733 2662 1882 2697 Gazkac

47 2708 85 2738 et
111 2703 270 2751 Segniae
297 2707 476 2751 principe,
505 2712 542 2741 et
563 2707 708 2752 Joanne
734 2708 881 2742 Batrich
907 2708 1109 2753 Krughlae‚
1137 2714 1252 2754 atque
1279 2709 1449 2744 Ulchano
1476 2710 1593 2744 Racih
1629 2710 1882 2744 Tribihovichi

47 2752 434 2789 Procuratoribus.1bi
462 2754 596 2800 legitur
610 2755 702 2789 haec
730 2759 834 2789 nota:
865 2757 998 2790 »Anno
1025 2756 1178 2791 Domini
1205 2760 1294 2791 1387
1312 2757 1512 2798 Fabianus,
1540 2758 1598 2790 cui
1626 2762 1746 2791 mator
1772 2762 1882 2794 terra.

46 2804 204 2842 peccata
228 2800 389 2843 divitiae,
426 2806 463 2836 et
501 2802 740 2845 sepulchrum
777 2803 907 2846 patria,
946 2804 1078 2847 scripsi
1116 2804 1211 2838 hanc
1252 2805 1464 2843 Rubricam,
1505 2815 1579 2838 non
1620 2810 1746 2838 autem
1786 2805 1884 2838 hunc

46 2846 192 2882 librum.
230 2848 358 2883 Altera
383 2849 579 2884 adnotatio
605 2849 742 2895 legitur
768 2850 817 2884 de
843 2850 978 2886 Carolo
1007 2851 1064 2885 111.
1093 2851 1198 2896 Rege
1225 2852 1271 2885 ab
1301 2852 1489 2897 Hungaris
1529 2852 1643 2896 (anno
1672 2855 1744 2895 13.)
1773 2853 1884 2885 inter-

48 2893 160 2928 fecto.
196 2895 322 2930 Tertia
347 2895 500 2931 demum
527 2897 576 2931 de
601 2897 673 2931 hoc
701 2898 888 2932 Breviario
914 2908 935 2932 a
955 2898 1087 2932 Turcis
1115 2909 1214 2933 anno
1241 2902 1331 2933 1487
1360 2903 1482 2943 capto,
1511 2904 1548 2933 et
1588 2909 1607 2932 a
1648 2900 1883 2942 KrughlianiS

48 2946 86 2975 et
111 2941 414 2978 Tribihevicianis
429 2944 663 2988 redempto«.
690 2945 714 2978 I.
743 2944 883 2985 Bercic',
910 2937 1069 2980 Citanka
1095 2945 1291 2980 staroslov.
1315 2947 1438 2988 jezika
1467 2947 1559 2990 Prag
1586 2950 1686 2981 1864.
1728 2958 1762 2989 p.
1801 2947 1885 2981 XII,

48 2993 86 3022 et
124 2990 165 3022 51
202 2988 382 3025 Codicem
421 3002 519 3025 anno
559 2995 659 3026 1379.
694 2993 925 3035 descriptum
966 2993 1108 3027 asserit.
1147 2994 1387 3038 Kukuljevic'.
1427 2994 1540 3027 Arkiv
1568 3004 1607 3026 za
1644 2995 1884 3038 povjestnicu
