2191 3434
539 301 1075 348 Glagolito-Romanae
1123 300 1274 334 XVII.
1325 311 1360 335 s.
1761 301 1805 335 63

46 443 246 498 porentia
286 441 594 482 Visitationum
639 443 974 494 praeteritarum
1016 440 1153 482 Nobis
1195 440 1399 492 suggerit.
1442 440 1756 492 Rogamusque
1802 440 1846 480 in

50 500 290 543 visceribus
323 499 481 541 Christi
509 499 764 541 Admodum
807 499 1115 540 Reverendum
1157 498 1376 539 Vicarium
1417 497 1645 538 foraneum
1690 497 1848 545 Politii,

51 562 337 611 caeterosque
377 556 716 606 Ecclesiasticos,
759 560 806 598 ut
852 557 1060 610 quoniam
1108 556 1314 607 singulari
1362 555 1543 596 Divinae
1590 555 1844 596 clementiae

47 629 243 665 munere,
278 614 597 657 Othonianicae
628 615 870 668 tyrannIdis
907 615 1059 667 jugum
1095 617 1391 661 excusserunt,
1435 616 1476 653 et
1507 613 1551 653 in
1584 613 1681 653 sinu
1715 612 1841 654 Sere-

46 675 252 716 nissimae
291 672 564 725 Republicae
620 673 771 725 optimi
821 672 1034 725 Principis
1091 672 1379 725 quiescentes,
1436 671 1621 711 liberum
1667 683 1846 722 prorsus

48 731 303 784 Religionis,
337 730 622 783 omniumque
655 730 878 772 Ecclesiae
919 729 1193 771 functionum
1242 742 1367 769 usum
1401 729 1585 775 habent;
1620 731 1741 769 tanto
1772 729 1846 769 be-

45 789 204 832 neficio
237 802 283 830 se
315 788 471 840 dignos
502 791 738 840 praestent,
768 791 813 829 ut
846 791 995 829 sancte
1027 788 1238 834 fruantur,
1271 800 1430 839 nempe
1461 789 1556 827 toto
1588 789 1766 839 pectore
1789 786 1845 827 ad

50 848 294 890 animarum
328 859 477 887 curam
510 847 779 894 incumbant,
802 846 1131 887 Ecclesiasticae
1153 845 1268 886 vitae
1300 845 1498 886 instituta
1521 844 1847 896 diligentissime

46 908 299 959 sequantur,
342 907 383 945 et
426 917 570 945 rerum
621 904 851 946 Sacrarum
895 903 1112 951 decorem,
1148 906 1188 943 et
1230 905 1515 955 augmentum
1549 902 1666 943 omni
1700 901 1846 942 studio

46 965 295 1017 procurent.
329 987 384 991 —
406 986 454 991 —-
479 986 525 991 —
548 985 602 990 —

192 1022 255 1062 12.
289 1019 510 1070 Quoniam
543 1019 751 1073 peculiari
785 1021 826 1060 et
858 1018 1182 1072 speciosissimo
1227 1018 1415 1060 Sanctae
1447 1017 1595 1058 Matris
1628 1016 1848 1058 Ecclesiae

47 1078 288 1133 privilegio,
319 1078 363 1118 in
395 1078 605 1119 idiomate
627 1077 792 1129 Illyrico
825 1090 948 1118 sacra
972 1077 1160 1118 habetur
1181 1077 1388 1129 Liturgia,
1421 1076 1609 1117 maxima
1642 1075 1847 1116 habenda

51 1139 115 1179 est
145 1136 255 1178 ratio
291 1136 486 1190 ejusdem
531 1135 752 1176 idiomatis
797 1135 936 1188 probe
970 1135 1205 1183 ediscendi,
1253 1138 1293 1175 et
1335 1134 1538 1176 docendi.
1582 1133 1736 1174 Clerici
1768 1146 1848 1173 no-

48 1194 188 1237 verint
218 1194 608 1247 Asbuquidarium,
643 1193 716 1246 qui
748 1193 792 1234 in
835 1206 931 1235 eam
965 1193 1201 1246 praecipue
1235 1206 1383 1233 curam
1416 1192 1685 1240 incumbant,
1717 1194 1765 1231 ut
1794 1189 1847 1231 Il-

49 1252 227 1306 lyricum
260 1251 478 1300 Litterale‚
512 1264 599 1305 quo
632 1251 804 1293 Missale
837 1255 878 1293 et
919 1251 1190 1292 Breviarium
1234 1250 1482 1303 conscripta
1513 1252 1626 1298 sunt,
1657 1249 1849 1302 perfecte

48 1310 246 1358 calleant,
278 1309 473 1362 alioquin
505 1310 642 1350 scient
672 1322 718 1350 se
760 1309 816 1350 ad
859 1308 1042 1351 Ordines
1084 1321 1173 1350 non
1223 1308 1563 1361 promovendos,
1597 1320 1696 1348 cum
1728 1305 1847 1360 apud

14 1399 18 1402 -
53 1367 244 1422 Illyricos
278 1368 431 1409 eadem
464 1367 519 1408 sit
550 1367 662 1408 ratio
695 1367 846 1420 lllyrici
879 1366 1101 1408 idiomatis
1142 1366 1332 1415 literalis,
1377 1379 1490 1420 quae
1523 1365 1641 1418 apud
1673 1369 1849 1406 nostros

49 1426 203 1468 Latini.

187 1483 254 1525 13.
287 1482 402 1524 Nihil
434 1482 614 1532 addant,
658 1484 733 1523 aut
777 1482 1006 1524 detrahant
1047 1482 1090 1523 in
1132 1482 1276 1530 Missa,
1322 1485 1361 1523 et
1396 1481 1574 1534 quando
1607 1479 1848 1534 Epistolam

52 1543 93 1583 et
123 1540 408 1593 Evangelium
440 1540 859 1592 interpretabuntur,
893 1541 936 1581 id
969 1553 1057 1581 non
1081 1553 1134 1581 ex
1154 1540 1334 1593 proprio
1368 1553 1512 1587 sensu,
1548 1542 1589 1580 et
1621 1539 1846 1588 arbitratu,

49 1599 126 1642 sed
159 1612 210 1640 ex
240 1598 415 1647 Missali,
449 1599 569 1651 quod
600 1602 772 1648 vocant,
810 1598 1131 1648 „Schiavetto“,
1157 1598 1358 1639 efficiant.

189 1657 253 1699 14.
288 1657 374 1698 Sex
406 1656 668 1697 Sacerdotes
701 1657 930 1709 peritiores
962 1657 1005 1697 in
1038 1656 1268 1698 Provincia
1290 1655 1435 1697 Politii
1471 1655 1749 1707 deputentur,
1774 1653 1848 1707 qui

47 1714 155 1756 alios
187 1714 449 1756 Sacerdotes
481 1715 524 1755 in
556 1715 748 1767 perfecta
781 1714 980 1763 Missalis,
1005 1717 1046 1754 et
1070 1715 1290 1763 Breviarii,
1315 1717 1356 1755 et
1388 1714 1431 1754 in
1466 1713 1702 1754 Sacrarum
1725 1712 1846 1752 func-

47 1773 217 1814 tionum
251 1773 628 1815 administratione
662 1773 908 1823 observent,
943 1772 1192 1813 examinent
1225 1775 1267 1813 et
1302 1772 1534 1823 corrigant.

191 1831 256 1872 15.
288 1831 566 1885 Instructioni
599 1830 883 1878 Clericorum,
926 1844 1039 1884 quae
1069 1831 1175 1872 tanti
1225 1831 1435 1871 momenti
1469 1832 1546 1877 est,
1580 1827 1846 1875 consuletur,

53 1891 242 1942 quatmr
272 1888 535 1930 Sacerdotes
569 1901 734 1941 graves,
768 1891 809 1930 et
840 1889 900 1942 pii
939 1891 980 1930 et
1012 1888 1153 1930 Divini
1178 1888 1358 1929 honoris
1381 1887 1566 1928 studiosi
1599 1886 1849 1938 seligantur,

49 1946 123 1999 qui
154 1947 198 1987 in
230 1946 376 1994 vitam,
413 1949 454 1987 et
476 1959 620 1988 mores
644 1946 911 1988 Clericorum
939 1947 1168 1998 diligenter
1188 1946 1423 1999 inquirant,
1457 1957 1615 1997 nempe
1648 1957 1703 1986 an
1725 1943 1848 1985 statis

46 2004 318 2057 temporibus
365 2004 681 2053 Poenitentiae,
731 2008 772 2045 et
815 2005 1114 2046 Eucharistiae
1160 2004 1444 2045 Sacramenta
1491 2002 1743 2055 suscipiant,
1792 2014 1847 2042 an

46 2062 264 2104 Ecclesiae
296 2063 546 2111 inserviant,
579 2076 634 2103 an
672 2063 827 2104 studiis
861 2066 1030 2110 vacent,
1064 2075 1120 2103 an
1161 2062 1437 2111 modestiam,
1468 2060 1780 2108 innocentiam,
1807 2062 1848 2100 et

48 2119 327 2162 devotionem
359 2124 589 2162 sectentur.
623 2120 674 2162 Id
719 2133 822 2162 vero
865 2120 1002 2172 magis
1034 2121 1260 2173 speciatim
1306 2122 1531 2173 praestent
1562 2118 1764 2166 Parochi,
1804 2119 1846 2157 et

51 2178 228 2231 singulis
261 2178 483 2220 mensibus
514 2178 604 2220 Nos
649 2179 854 2220 certiores
886 2179 1085 2220 reddant.
1123 2203 1171 2207 —
1196 2202 1242 2207 —
1269 2202 1315 2207 —
1341 2202 1388 2208 —

2 2279 5 2282 .
185 2237 253 2278 ΞΟ.
288 2236 506 2286 Quoniam
541 2237 800 2286 studiorum,
834 2239 875 2278 et
916 2237 1125 2278 librorum
1161 2236 1356 2277 defectus
1398 2236 1441 2276 in
1475 2235 1601 2276 Clero
1636 2230 1839 2287 lllyrieo2)

50 2292 140 2335 Nos
171 2294 297 2336 valde
331 2295 541 2336 sollicitos
573 2295 717 2336 reddit
756 2296 810 2336 de
858 2294 1159 2336 parochorum
1208 2294 1377 2347 peritia,
1419 2293 1633 2339 volumus,
1676 2293 1849 2344 praeter

48 2363 242 2400 examen,
275 2352 344 2394 cui
376 2353 558 2406 quilibet
579 2353 805 2394 Parochus
836 2352 879 2393 in
901 2353 1041 2405 prima
1070 2353 1135 2393 sui
1158 2352 1459 2393 nominatione
1482 2365 1507 2392 a
1538 2350 1704 2404 populo
1728 2349 1842 2390 facta

45 2409 342 2464 subjicientur,
372 2411 502 2451 etiam
535 2411 707 2464 quoties
737 2411 794 2452 ad
827 2410 1205 2452 confirmationem
1227 2410 1458 2457 reddeunt‚
1490 2421 1653 2450 novum
1686 2407 1739 2447 de
1763 2419 1842 2447 suo

50 2467 249 2520 profectu
281 2468 418 2510 Nobis
451 2469 794 2521 experimentum
826 2481 901 2509 eos
935 2469 1051 2510 dare.
1090 2493 1136 2498 —
1161 2492 1207 2497 —
1231 2492 1284 2497 —

189 2526 256 2567 26.
294 2526 474 2578 Singulo
521 2527 716 2568 bimestri
765 2526 1055 2568 Ecclesiastici
1106 2539 1257 2567 onmes
1305 2526 1347 2566 in
1389 2525 1532 2565 locum
1575 2522 1846 2571 Provinciae,

51 2581 125 2636 qui
156 2582 328 2624 Vicario
363 2584 541 2625 foraneo
575 2585 720 2637 aptior
760 2585 995 2634 videbitur,
1042 2584 1317 2632 conveniant,
1361 2583 1508 2636 ibique
1546 2606 1591 2611 —
1616 2605 1663 2610 —
1699 2580 1845 2621 statim

48 2639 133 2682 hoc
164 2644 296 2694 caput
326 2641 408 2695 ipis
431 2642 547 2684 clara
579 2646 620 2684 et
651 2642 906 2695 intelligibili
940 2655 1047 2683 voce
1082 2643 1340 2695 perlegetur.
1379 2665 1423 2670 -—
1454 2665 1495 2669 —

185 2699 253 2740 27.
286 2699 575 2742 Vehementer
607 2704 824 2752 optamus,
859 2703 899 2741 et
934 2700 976 2741 in
1011 2700 1199 2742 Domino
1234 2700 1529 2745 obsecramus,
1562 2700 1608 2738 ut
1641 2696 1756 2736 idem
1789 2695 1840 2734 A.

50 2753 99 2796 R.
134 2755 327 2798 Vicarius
360 2758 530 2811 singulo
562 2758 758 2800 bimestri
790 2758 1079 2807 Provinciam,
1112 2758 1178 2798 vel
1223 2758 1374 2798 saltem
1409 2756 1597 2808 aliquam
1633 2755 1724 2795 eius
1747 2766 1846 2806 par-

184 2928 220 2972 2)
246 2929 306 2963 De
330 2928 438 2964 libris
463 2941 533 2976 pro
559 2930 671 2965 Clero
705 2930 860 2976 Illyrico
888 2930 925 2963 in
953 2929 1087 2964 eadem
1113 2929 1136 2962 S
1157 2929 1268 2963 *nodo
1302 2927 1586 2962 incidentaliter
1620 2930 1746 2959 actum
1776 2933 1843 2958 est.

50 2972 184 3019 Capite
209 2974 268 3009 ΠΙ
304 2976 361 3010 De
386 2976 570 3011 Doctrina
597 2976 807 3011 christiana
832 2988 866 3010 n.
892 2977 922 3010 3.
963 2987 1033 3019 „ex
1059 2941 1187 3009 libeffio
1228 2973 1441 3009 Cardinalis
1469 2972 1698 3007 Bellarmini.
1731 2971 1845 3015 jussu

49 3017 257 3070 Clementis
283 3021 376 3055 VIII
404 3022 518 3064 edito,
544 3022 582 3056 in
609 3022 797 3066 illyricam
824 3023 996 3067 linguam
1023 3033 1221 3063 converso,
1250 3032 1293 3054 ao
1311 3024 1445 3054 nostra
1471 3019 1656 3052 industria
1688 3016 1844 3059 [archic-

47 3066 193 3116 piscopi
218 3067 358 3110 Cosmi]
386 3068 490 3113 typis
517 3071 674 3103 recuso·‘
703 3069 774 3112 (ed.
802 3068 964 3111 Manger
990 3080 1021 3113 p.
1052 3068 1119 3110 10).
1157 3067 1244 3112 Cap.
1273 3066 1325 3099 IV
1355 3066 1409 3100 Dc
1439 3065 1552 3099 Verbi
1584 3064 1649 3097 [ici
1678 3063 1845 3107 predica-

48 3113 152 3146 tione
177 3123 211 3146 n.
236 3112 278 3146 3.
297 3141 301 3146 .
319 3115 346 3147 .“
388 3113 515 3148 Patris
541 3115 696 3160 Agnelli
730 3110 949 3149 Maceratae
977 3118 1015 3147 et
1040 3113 1238 3147 Bononiae
1277 3117 1450 3146 recenter
1484 3111 1586 3155 typis
1622 3111 1765 3143 (alitum
1794 3109 1845 3141 in-

51 3156 124 3190 seri
153 3161 252 3192 tum:
289 3158 323 3192 Il
347 3159 581 3205 parochiano
609 3161 826 3195 Istruttore.
865 3160 910 3193 In
937 3158 1122 3193 auxilium
1159 3158 1421 3192 Parochorum
1458 3156 1699 3202 Illyricorum
1734 3154 1844 3187 valde

53 3169 256 3247 progesset
279 3204 467 3250 praedicti
491 3206 578 3240 libri
605 3206 731 3241 Patris
756 3205 913 3252 Agnelli
938 3205 974 3239 in
1002 3204 1196 3250 Illyricam
1221 3204 1393 3249 linguam
1421 3203 1566 3237 versio·
1597 3201 1632 3243 (l.
1661 3212 1688 3234 c.
1718 3201 1784 3243 14.)
