2191 3434
559 296 1101 346 Glagolito-Romanae
1150 298 1305 335 XVII.
1355 312 1389 336 s.
1790 304 1831 338 11

216 439 557 491 „Illustrissimus
603 440 810 494 idemque
859 440 1148 483 amicissimus
1195 441 1458 484 Antonellus
1489 441 1534 483 in
1566 442 1881 486 Dissertatione

74 510 207 550 super
246 511 362 540 nova
406 499 599 540 editione
644 498 828 540 Missalis
873 497 1029 552 Illyrici
1061 512 1136 540 seu
1171 499 1414 541 Slavonici:
1467 500 1797 552 „Ferdinandus
1830 503 1878 543 II.

72 556 318 609 Imperator
348 556 413 610 (ut
444 559 594 598 narrat
625 555 816 609 Ingolus‚
860 557 934 610 qui
967 560 1058 598 erat
1091 570 1142 599 eo
1174 560 1374 611 tempore
1409 558 1450 600 S.
1488 558 1647 612 Congr.
1682 560 1736 601 de
1768 560 1877 601 Pro-

72 614 279 667 paganda
310 614 416 656 Fide
449 614 736 668 Secretarius)
771 615 1042 657 diversarum
1073 615 1400 668 provinciarum
1432 616 1599 671 Illyrici,
1642 617 1685 658 in
1719 618 1879 671 quibus

73 672 221 713 divina
243 672 387 714 officia
407 672 493 714 ritu
515 673 665 721 latino,
696 673 774 714 sed
795 673 944 725 lingua
963 671 1134 726 Illyrica
1161 674 1451 725 celebrantur,
1483 675 1879 728 supplicationibus

73 733 220 772 motus
252 730 462 783 flagitavit
484 744 510 772 a
531 731 734 772 Romano
758 731 972 772 Pontifice
994 733 1042 772 ut
1065 731 1256 774 missalia
1278 732 1441 785 illyrica
1463 732 1651 786 imprimi
1685 737 1877 783 curaret;

77 788 285 842 quoniam
330 788 497 842 populi,
545 802 681 842 quum
714 802 739 830 a
769 788 858 829 suis
900 789 1218 839 sacerdotibus,
1266 790 1515 832 missalibus
1557 791 1879 841 deficientibus,

72 846 252 888 missam
285 846 437 888 audire
460 847 706 900 nequirent,
728 847 850 888 ibant
873 847 929 888 ad
953 846 1346 890 Schismaticorum
1371 849 1590 899 ecclesias,
1624 850 1698 903 qui
1723 863 1879 903 graeco

74 904 175 953 ritu,
206 903 354 957 lingua
376 907 522 946 autem
545 905 720 959 illyrica,
754 918 879 946 sacra
901 904 1130 947 faciebant.
1165 906 1291 947 Unde
1319 919 1449 959 grave
1471 907 1718 949 animarum
1751 909 1881 950 saluti

73 961 384 1004 detrimentum
417 963 705 1005 afferebatur:
754 976 858 1004 nam
892 963 1105 1005 Catholici
1138 976 1228 1005 non
1260 964 1403 1006 solum
1437 978 1536 1007 cum
1569 966 1800 1008 haereticis
1833 967 1877 1008 in

76 1019 233 1062 divinis
266 1021 665 1072 communicabant,
698 1021 775 1063 sed
806 1021 985 1074 insuper
1015 1021 1192 1075 plurimi
1225 1035 1378 1064 eorum
1409 1024 1465 1065 ad
1489 1023 1880 1066 Schismaticorum

75 1091 244 1120 errores
276 1078 562 1121 transibant.“

210 1158 427 1201 Assemani,
452 1158 538 1193 Kal.
571 1158 639 1194 Un.
666 1157 768 1193 Eccl.
795 1157 861 1201 IV,
886 1159 964 1201 432,
990 1162 1084 1193 nota
1109 1159 1139 1193 6.

589 1302 662 1342 29.
695 1301 821 1350 1621,
854 1303 908 1341 10
946 1299 1148 1353 Octobris,
1186 1300 1368 1344 Graeczi.

211 1393 400 1435 Nuntius
434 1393 679 1436 Cardinalis
711 1394 934 1447 Borghese
967 1393 1011 1436 Ρ.
1046 1395 1279 1437 Francisco
1304 1395 1498 1438 Glavinic
1530 1399 1657 1450 typos
1689 1397 1874 1440 slavicos

75 1476 101 1505 a
134 1462 315 1505 Graecio
349 1464 532 1505 Flumen
564 1464 652 1506 iam
683 1464 841 1505 missos
873 1464 1085 1506 notificat.

213 1542 311 1578 Bibl.
339 1543 452 1590 Ohjgi
477 1543 545 1579 Ms.
572 1544 691 1579 citato
718 1543 762 1578 N.
787 1543 843 1587 26,
867 1541 892 1578 f.
920 1544 1008 1588 117;
1035 1544 1272 1588 Fermediin,
1291 1545 1443 1581 Starine
1469 1545 1614 1590 XXIV,
1640 1546 1672 1581 3.

560 1687 633 1727 30.
665 1687 789 1737 1621,
821 1686 882 1727 29
913 1684 1172 1738 Novembris,
1212 1687 1395 1730 Graecii.

214 1776 400 1819 Nuntius
435 1777 678 1820 Cardinalis
709 1778 932 1831 Borghese
965 1778 1010 1820 P.
1044 1779 1075 1820 F
1079 1779 1277 1822 rancisco
1309 1780 1505 1823 Glavinic
1539 1782 1766 1835 quomodo
1789 1796 1877 1824 me-

79 1846 151 1889 dia
182 1847 240 1890 ad
270 1847 405 1889 libros
435 1847 620 1890 slavicos
652 1848 970 1902 imprimendos
1007 1850 1307 1903 comparanda
1338 1851 1505 1893 scribit.

214 1926 311 1961 Bibl.
339 1927 452 1974 Chigi
478 1927 544 1963 Ms.
572 1928 691 1963 citato
717 1928 760 1962 N.
786 1929 841 1964 26.
868 1927 891 1962 f.
919 1928 1002 1973 133;
1028 1929 1272 1973 Fermediin,
1300 1930 1452 1966 Starine
1478 1931 1622 1976 XXIV,
1647 1932 1678 1966 4.

588 2059 655 2099 31.
687 2059 811 2109 1621,
845 2059 872 2098 4
903 2056 1156 2109 Decembris,
1194 2057 1377 2102 Graecii.

213 2149 402 2192 Nuntius
449 2149 696 2192 Cardinalis
738 2151 961 2204 Borghese
1008 2165 1033 2193 a
1074 2152 1122 2193 P.
1170 2152 1405 2194 Francisco
1439 2152 1635 2196 Glavinic'
1668 2154 1877 2197 informa-

75 2219 240 2261 tionem
273 2220 327 2261 de
359 2220 559 2273 expensis
591 2233 672 2274 pro
704 2220 992 2274 impressione
1023 2221 1236 2263 librorum
1268 2222 1532 2264 slavicorum
1566 2224 1773 2277 exposcit.

211 2298 309 2334 Bibl.
337 2298 451 2345 Chjgi
476 2298 547 2335 Ms.
574 2300 693 2334 citato
719 2300 763 2334 N.
789 2300 845 2343 26,
871 2299 896 2336 f.
924 2300 1007 2345 1483
1034 2300 1276 2344 Fermedffiin,
1302 2301 1454 2337 Statine
1480 2301 1624 2346 XXIV,
1649 2303 1671 2337 4
1701 2314 1728 2338 s.

616 2442 689 2483 32.
721 2442 851 2493 1622,
885 2443 913 2482 3
944 2440 1117 2492 Martii,
1156 2441 1339 2484 Graecii.

212 2533 400 2576 Nuntius
447 2533 691 2576 Cardinalis
738 2535 962 2588 Borghese
1008 2535 1055 2577 P.
1103 2536 1336 2578 Francisco
1385 2536 1593 2585 Glavinic‚
1641 2537 1762 2590 quod
1811 2537 1879 2578 ille

77 2602 379 2646 reformationi
412 2603 598 2645 Missalis
620 2616 670 2645 ac
694 2604 902 2645 Breviarii
927 2604 1170 2658 Glagolitici
1193 2605 1446 2647 incumbere
1463 2606 1600 2659 passit
1624 2607 1881 2658 gratulatur.

212 2683 310 2718 Bibl.
337 2683 451 2730 Chigi
476 2683 549 2718 Ms.
576 2683 694 2718 citato
720 2683 764 2719 N.
790 2684 845 2727 26,
871 2683 895 2718 f.
925 2685 1006 2729 170;
1032 2685 1272 2728 Fermediin,
1299 2685 1451 2720 Starine
1477 2685 1621 2728 XXIV,
1646 2686 1676 2719 5.

758 2815 830 2854 33.
871 2815 999 2865 1622,
1032 2813 1200 2856 Romae.

214 2905 421 2947 Doctrina
464 2906 700 2948 christiana
745 2906 888 2948 brevis
935 2907 1180 2949 Cardinalis
1222 2907 1470 2949 Bellarmini
1513 2907 1672 2948 slavica
1718 2907 1879 2959 vulgari

77 2972 224 3026 lingua
250 2975 401 3026 „Nauk
422 2976 682 3018 karstianski
704 2977 856 3019 kratak
879 2977 937 3019 od
959 2977 1264 3027 Bellarmina“,
1288 2978 1330 3018 in
1358 2976 1448 3026 160;
1484 2980 1525 3018 et
1548 2977 1692 3018 denuo
1717 2977 1877 3018 ibidem

82 3043 188 3084 16⁶>ss
220 3044 263 3085 in
300 3043 370 3086 12⁰
401 3045 676 3099 imprimitur.

215 3122 362 3169 LJ'ubic‚
390 3124 576 3177 leedalo
602 3125 810 3177 knjizevne
836 3125 1005 3171 povjesti
1032 3125 1290 3177 jugoslaven
1284 3126 1351 3162 ke
1390 3126 1511 3161 Rieka
1540 3127 1636 3159 151'4.
1665 3125 1691 3159 Ι
1718 3125 1771 3158 42.
1800 3125 1878 3195 Hoc

79 3169 305 3213 opusculum
330 3170 367 3203 in
395 3170 567 3205 fontibus
602 3171 830 3216 posterioris
857 3172 941 3207 aevi
979 3172 1050 3205 sub
1085 3171 1610 3217 11011i1ne„Mt11ip11111ero
1616 3178 1677 3204 tto
1684 3177 1786 3203 rum·
1817 3182 1860 3204 oc

82 3214 210 3249 currit
