2243 3444
382 307 424 341 16
982 305 1165 341 Fontes
1213 305 1476 352 Liturgiae

480 446 553 497 „In
584 447 787 488 filialibus
818 459 921 487 vero
943 446 1115 487 duabus
1147 459 1172 487 a
1194 445 1397 486 Patribus
1430 444 1660 486 Societatis
1683 446 1860 498 singulis
1890 446 2128 487 Dominicis

340 506 381 544 et
413 504 553 545 Festis
584 505 751 553 diebus,
784 504 901 544 horis
932 503 1156 544 matutinis
1187 503 1375 544 habetur
1417 503 1688 553 Sclavonica,
1719 507 1760 544 et
1790 503 1937 544 Italica
1970 504 2126 545 exhor-

337 562 459 611 tatio,
491 565 663 614 praeter
694 561 938 602 doctrinam
971 560 1264 609 christianam,
1302 572 1432 613 quam
1465 573 1690 613 nunquam
1722 561 1945 613 negligunt
1975 574 2125 614 pome-

335 619 554 660 ridianis.“

470 697 748 732 Authenticum
782 697 819 730 in
852 696 1004 731 Archiv.
1041 697 1075 731 S.
1112 697 1250 743 Congr.
1278 697 1441 732 Concilii
1473 697 1512 731 in
1544 696 1752 732 Tabulario
1778 697 1982 740 Vaticano;
2012 696 2128 743 juxta

336 747 561 789 excerptum
586 743 849 778 Crncicianum
874 743 963 777 anni
992 743 1089 778 1892.

821 872 890 911 49.
923 871 1050 921 1625,
1080 872 1111 911 2
1141 868 1392 921 Decembris,
1423 868 1635 923 Sopronii.

471 964 656 1004 Nuntius
708 963 1059 1004 Vindobonensis
1107 963 1339 1016 episcopus
1396 963 1577 1004 Carolus
1629 961 1799 1005 Caraffa
1844 962 2125 1004 Cardinalem

334 1032 603 1073 Praefectum
629 1032 671 1073 S.
696 1031 1056 1084 Congregationis
1086 1032 1379 1084 Propaganda
1400 1032 1521 1073 Fidei
1553 1032 1780 1074 certiorem
1813 1033 1970 1081 reddit,
2002 1032 2124 1085 quod

335 1101 423 1153 typi
470 1102 615 1142 slavici
658 1101 837 1142 Flumen
869 1101 953 1142 iam
985 1101 1118 1149 missi,
1162 1101 1321 1154 quibus
1368 1101 1424 1142 ob
1479 1101 1694 1142 defectum
1743 1101 2031 1154 pecuniarum
2076 1101 2123 1142 P.

335 1170 588 1211 Franciscus
621 1169 812 1212 Glavinic
846 1170 907 1210 uti
938 1183 1027 1210 non
1060 1170 1216 1223 potuit,
1248 1183 1298 1211 ac
1328 1173 1476 1223 partes
1499 1171 1666 1212 Graecii
1698 1170 1886 1222 relictae,
1917 1170 2120 1213 tradendi

333 1239 379 1279 P.
424 1238 673 1280 Guardiano
722 1238 1046 1291 Capucinorum
1079 1240 1275 1281 Flumine
1316 1240 1415 1289 sint,
1453 1241 1508 1282 ad
1551 1241 1882 1294 dispositionem
1925 1241 2120 1283 eiusdem

334 1307 376 1348 S.
411 1307 768 1360 Congregationis
801 1309 1118 1362 propagandae
1150 1310 1285 1350 Fidei.

333 1385 678 1466 XXIVAgchivum
705 1387 739 1421 S.
767 1387 956 1434 Congreg.
984 1388 1097 1434 Prop.
1122 1389 1231 1423 Fidei
1255 1388 1326 1423 Ms.
1354 1389 1436 1423 Vol.
1462 1389 1516 1432 66,
1542 1388 1566 1422 f.
1594 1389 1656 1433 13;
1700 1389 1940 1432 Fermediin,
1967 1388 2119 1424 Starine

769 1551 839 1591 50.
873 1551 996 1601 1625,
1028 1552 1088 1591 24
1117 1550 1367 1600 Decembris,
1409 1550 1687 1594 Vindobona&

468 1641 654 1682 Nuntius
687 1642 918 1695 episcopus
951 1643 1134 1684 Carolus
1168 1642 1386 1685 Cardinali
1418 1643 1641 1685 Praefecto
1675 1644 1717 1685 S.
1754 1643 2119 1697 Congregationis

332 1708 457 1762 Prop.
492 1711 611 1751 Fidei
645 1714 770 1765 typos
802 1712 984 1753 slavicos
1016 1713 1213 1754 Flumine
1247 1713 1433 1754 Romam
1466 1713 1792 1754 transferendos
1824 1713 2044 1766 proponit.

466 1789 676 1823 Archivum
713 1791 749 1825 S.
786 1791 924 1838 Congr.
963 1792 1074 1838 Prop.
1112 1792 1230 1835 Fidei,
1272 1793 1343 1828 Ms.
1382 1793 1500 1827 citato
1538 1793 1581 1826 N.
1617 1793 1672 1836 49,
1709 1792 1734 1828 f.
1767 1793 1830 1837 385
1880 1792 2119 1836 Fermedffiin,

334 1834 485 1869 Starine
510 1835 653 1878 XXIV,
678 1836 699 1870 5
724 1847 752 1871 s.

654 1965 717 2004 51.
751 1966 879 2014 1626,
914 1967 962 2005 11
991 1965 1212 2014 Januarz‘i,
1249 1966 1419 2007 Tar-sati
1443 1979 1577 2019 prope
1607 1965 1805 2007 Flumen.

473 2055 516 2095 P.
551 2056 803 2097 Franciscus
837 2057 1029 2099 Glavinic
1062 2058 1339 2100 Cardinalem
1377 2059 1648 2100 Praefectum
1682 2058 1722 2100 S.
1759 2057 2121 2111 Congregationis

335 2123 466 2176 Prop.
499 2124 618 2165 Fidei
652 2126 878 2167 certiorem
911 2128 1076 2168 reddit:

473 2192 619 2242 „Nella
648 2193 805 2236 Illirica
838 2208 997 2237 ovvero
1031 2196 1159 2238 Slava
1181 2197 1405 2250 —lingua
1427 2198 1461 2238 si
1494 2198 1665 2239 celebra
1696 2197 1738 2238 la
1770 2196 1925 2245 Messa,
1959 2195 2120 2237 dicono

331 2248 359 2288 li
392 2249 524 2289 divini
556 2251 698 2305 officij,
732 2255 773 2292 et
813 2253 847 2293 si
889 2254 1220 2296 amministrano
1265 2255 1292 2295 li
1323 2256 1556 2296 santissimi
1606 2254 1877 2296 Sacramenti
1908 2266 1988 2306 per
2019 2253 2120 2294 Dal-

333 2306 477 2353 matia,
512 2305 696 2357 Oroatia,
721 2309 937 2357 Slavonia,
960 2312 1179 2361 Liburnia,
1202 2312 1311 2353 Isole
1337 2326 1358 2353 e
1381 2313 1527 2353 luochi
1550 2311 1773 2358 marittimi
1795 2310 2121 2352 dell’Adriatico

334 2363 375 2402 in
406 2367 528 2415 parte
569 2368 673 2417 pero
719 2370 760 2406 et
799 2381 877 2419 per
917 2371 1029 2409 tutto
1072 2370 1097 2409 il
1141 2369 1327 2410 Vinodol
1370 2370 1750 2416 esclusivamente3
1801 2368 1961 2421 perche
2007 2380 2118 2408 sono

333 2421 465 2460 scorsi
497 2422 566 2473 gia
595 2423 696 2463 anni
725 2425 778 2465 96
821 2425 899 2465 che
941 2426 1070 2478 quelli
1112 2425 1286 2467 Messall
1329 2429 1371 2467 et
1417 2427 1622 2480 Breviarij
1657 2439 1746 2467 non
1777 2438 1888 2466 sono
1921 2424 2019 2466 stati
2052 2437 2121 2465 re-

333 2477 503 2518 formati
545 2492 599 2519 ne
643 2482 909 2533 restampati,
952 2484 979 2522 il
1017 2484 1094 2524 che
1140 2484 1182 2524 fu
1229 2484 1374 2525 avanti
1417 2484 1595 2526 Concilii
1640 2485 1776 2525 molto
1806 2486 1969 2535 tempo,
2002 2481 2122 2523 siche

335 2537 609 2586 contengono
643 2538 777 2578 errori
810 2541 1025 2580 essentiali
1048 2544 1090 2581 et
1110 2542 1402 2583 mancamenti
1425 2542 1468 2583 di
1490 2541 1708 2590 rubriche,
1732 2543 1773 2580 et
1805 2540 1912 2581 altre
1944 2539 2122 2591 agiunte

333 2593 588 2633 necessarie.
622 2593 773 2635 Stante
806 2599 959 2648 questo
994 2598 1061 2649 gia
1105 2601 1169 2639 tre
1201 2599 1303 2639 anni
1341 2612 1451 2640 sono
1484 2599 1527 2639 in
1568 2598 1695 2647 circa,
1728 2597 1807 2638 che
1840 2596 1969 2650 quelli
2003 2595 2122 2637 Reli-

332 2648 435 2699 giosi
477 2652 517 2689 et
557 2649 683 2691 fedeli
730 2652 825 2692 dell'
843 2652 999 2695 Illirico
1046 2655 1105 2695 mi
1146 2669 1406 2708 pregarono,
1448 2656 1569 2697 accio
1613 2654 1838 2708 prendessi
1881 2654 1922 2695 io
1966 2655 2122 2706 questo

333 2709 510 2746 assonto
546 2707 587 2747 di
620 2708 857 2750 reformarli
894 2734 940 2741 —
964 2714 1058 2752 —“.

469 2764 582 2804 Inter
613 2766 752 2806 varias
784 2768 1183 2810 animadversiones
1215 2770 1270 2811 de
1297 2783 1411 2812 nova
1443 2770 1648 2818 editione,
1682 2772 1729 2810 ut
1761 2768 1983 2820 Glagolica
2015 2767 2120 2808 Hie-

335 2820 588 2871 ronymiana
619 2835 707 2862 non
739 2824 957 2876 rejiciatur
1001 2827 1203 2875 totaliter,
1251 2828 1477 2880 quomodo
1524 2827 1680 2880 aliquis
1714 2828 1886 2879 optaret
1936 2824 2120 2878 „poiche

332 2889 377 2916 se
409 2877 519 2918 hene
551 2879 631 2929 egli
654 2881 675 2919 e
698 2881 854 2931 antico,
889 2885 910 2922 e
938 2886 1042 2934 pero
1075 2884 1372 2933 misterioso“;
1406 2887 1447 2926 et
1479 2885 1581 2938 quia
1603 2885 1646 2925 in
1668 2885 1793 2925 terris
1826 2882 2053 2924 catholicis
2076 2882 2119 2922 in

334 2934 464 2974 sacris
498 2935 740 2985 adhibetur,
776 2938 878 2978 dum
913 2940 1082 2981 Cirilica
1124 2942 1166 2982 in
1198 2942 1413 2983 liherculis
1454 2945 1623 2983 tantum
1657 2940 2009 2982 devotionalibus
2040 2952 2120 2992 per

334 2990 552 3041 Bosniam,
585 2993 830 3045 Bulgariam
865 3000 904 3036 et
936 2998 1151 3039 Ditionem
1186 2999 1430 3047 Tmeicam,
1463 3003 1660 3052 perorat3
1697 2998 1875 3040 tandem
1903 3000 1949 3038 ut
1982 2996 2121 3038 refor-

333 3049 466 3089 matio
499 3049 573 3090 fiat
604 3050 801 3092 Flumine
834 3053 906 3093 ubi
935 3055 1079 3095 adhuc
1111 3057 1198 3108 typi
1230 3057 1376 3098 slavici
1410 3057 1700 3098 inveniuntur.

333 3128 677 3215 XXIijffihgmm
715 3130 749 3164 S.
789 3130 926 3177 Congr.
961 3132 1071 3178 Prop.
1106 3134 1213 3168 Fidei
1247 3134 1318 3169 Ms.
1353 3136 1470 3170 cit-,ato
1507 3135 1551 3169 N.
1577 3135 1645 3179 493
1694 3133 1932 3177 Fermediin,
1969 3132 2121 3168 Starine
