2243 3444
354 172 397 203 40
1032 163 1489 210 Fontesliturgiae

353 321 518 354 tantum
554 320 756 353 coartato.
790 306 1109 351 Lectionarium
1144 311 1207 350 vel
1255 309 1471 351 Comitem
1525 308 2040 359 Cyrillo-Methodianum
2081 309 2181 350 Gla-

354 385 577 438 goliticum
613 384 759 423 litteris
793 384 930 422 latinis
962 383 1262 421 transcribunt.
1590 370 1596 375 '

493 464 565 498 (jfr.
593 465 700 498 huius
726 473 822 497 saec.
851 463 950 502 N.51,
979 465 1056 502 123,
1086 465 1168 503 133;
1201 462 1266 495 VII
1293 472 1321 495 s.
1349 460 1390 494 N.
1420 462 1496 494 163.

823 628 909 670 171.
943 617 1039 657 XV
1063 630 1107 663 s.,
1141 616 1183 655 in
1217 614 1440 656 Dalmatia
1472 620 1512 654 et
1548 613 1728 656 Croatia.

493 714 768 755 Classicismo
803 720 1054 752 renascente
1088 712 1227 751 cultus
1260 712 1432 763 linguae
1465 711 1621 750 latinae
1654 711 1782 750 etiam
1817 712 1858 750 in
1892 710 2106 751 Dalmatia
2139 718 2182 750 et

353 786 522 827 Croatia
555 786 772 824 restitutus
807 790 883 831 est,
915 796 998 822 una
1031 795 1130 822 curn
1165 782 1377 833 despectu
1412 783 1453 820 in
1487 782 1678 834 linguam
1712 782 1933 830 slavicam‚
1966 783 2066 834 quia
2087 781 2183 822 bar-

354 860 471 906 bara3
503 856 715 896 Dalmatia
765 869 788 893 a
832 854 1011 893 Venetis
1066 854 1176 893 1420
1226 865 1340 892 anno
1385 852 1605 891 definitive
1638 859 1853 904 occupata
1884 853 2060 904 praelati
2094 864 2182 892 non

355 927 601 975 nationales‚
634 927 876 977 quinimmo
921 926 1092 975 saepius
1134 925 1324 976 linguam
1360 924 1511 974 populi
1544 935 1632 962 non
1666 923 1872 963 callentes
1904 920 2183 963 dioecesibus

353 998 574 1050 praefecti;
620 1003 759 1036 castro
805 1009 835 1035 s.
887 995 973 1034 Viti
1017 995 1217 1034 Flumine
1262 996 1343 1034 sub
1388 993 1619 1033 Austriaco
1654 993 1838 1043 influxu,
1869 994 2108 1046 despectus
2141 1000 2184 1034 et

352 1070 629 1109 ostracismus
663 1074 810 1107 contra
843 1066 1056 1118 liturgiam
1091 1064 1580 1118 Glagolito-Romanam
1615 1065 1682 1104 vel
1714 1066 1864 1116 spiritu
1888 1065 2093 1105 nationali
2116 1064 2181 1104 vel

355 1140 532 1190 politico
566 1144 781 1185 movente,
815 1136 1074 1175 manifestari
1109 1137 1268 1188 incipit.

493 1219 565 1253 Cfr.
594 1218 822 1251 documenta
847 1216 956 1250 huius
983 1216 1120 1250 saeculi
1148 1217 1187 1250 N.
1218 1219 1272 1257 22,
1300 1220 1354 1256 44,
1383 1219 1437 1257 53,
1465 1220 1520 1257 67,
1548 1220 1602 1256 80,
1632 1218 1697 1250 166
1723 1217 1840 1250 relata

807 1382 893 1424 172.
928 1373 1025 1413 XV
1049 1387 1093 1419 5„
1125 1372 1243 1425 apud
1274 1371 1429 1413 Slavos
1467 1371 1718 1412 Orientales.

495 1469 644 1510 Cultus
678 1468 756 1509 SS.
790 1468 935 1519 Cyrilli
970 1476 1010 1507 et
1043 1467 1255 1507 Methodii
1287 1468 1403 1519 apud
1440 1468 1604 1507 Russos
1638 1468 1829 1507 exolevit
1873 1465 1974 1521 (Cfr.
2016 1467 2118 1508 XIV
2151 1481 2182 1507 s.
2222 1488 2225 1518 1

354 1542 403 1581 N.
425 1539 515 1594 55);
537 1540 653 1592 apud
685 1541 792 1579 alios
826 1538 978 1579 slavos
1012 1536 1254 1579 Orientales
1283 1539 1408 1592 juxta
1428 1539 1638 1591 Regulam
1662 1537 2184 1590 Hierosolymitano-Ser-

354 1614 508 1660 bicam,
541 1618 581 1651 et
615 1613 655 1649 in
701 1611 898 1650 ciusdem
931 1609 1091 1650 Officio
1124 1609 1305 1661 Proprio
1347 1611 1428 1649 sub
1462 1610 1533 1648 die
1569 1610 1622 1648 14
1654 1609 1872 1650 Februarii
1911 1608 1954 1650 S.
1987 1608 2184 1661 Cyrinus,
2217 1616 2220 1619 '

359 1684 618 1734 »episcopus
651 1681 894 1729 Cataoniae,
929 1682 1133 1733 magister
1165 1679 1455 1720 Slovenorum
1501 1687 1542 1720 et
1583 1680 1892 1733 Bulgarorum«
1931 1680 2183 1720 celebratur.

486 1764 535 1809 vA.
552 1762 591 1796 N.
610 1763 756 1801 Petrov‚
773 1753 998 1796 Cestovanie
1025 1772 1076 1794 sv.
1104 1760 1330 1805 slavjanskih
1357 1761 1555 1804 apostolov
1583 1760 1711 1794 Kirilla
1733 1761 1741 1793 i
1763 1747 1969 1804 Methodija
2002 1761 2184 1805 (Hristian

358 1811 448 1843 skvc
476 1810 603 1849 Cenie,
649 1809 868 1853 Pctroburgi
897 1811 996 1847 1893,
1042 1808 1083 1842 N.
1111 1812 1142 1846 3,
1170 1810 1237 1842 326
1263 1808 1327 1852 ss)
1353 1808 1377 1842 I.
1406 1807 1546 1848 Bercic,
1574 1808 1669 1842 Dvic
1694 1807 1821 1841 sluibe
1837 1809 2027 1853 rimskoga
2042 1808 2184 1842 obi-eda

358 1868 397 1890 za
424 1857 647 1891 svetkovinu
675 1867 726 1890 εν.
756 1856 866 1889 Cirila
893 1856 902 1889 i
929 1856 1092 1896 Metuda‚
1119 1856 1320 1900 Zagrabiae
1350 1859 1451 1896 1870,
1479 1859 1499 1889 6
1525 1866 1553 1889 S.

1003 2022 1091 2064 [73.
1123 2010 1220 2051 XV
1243 2024 1287 2058 s.,
1320 2011 1526 2052 Labacen.

494 2107 837 2159 Evangeliarium
884 2106 1208 2159 Glagoliticum,
1254 2108 1376 2146 cuius
1421 2107 1662 2159 fragmenta
1714 2106 1948 2159 Evangelia
1999 2112 2042 2146 et
2073 2105 2185 2146 Acta

354 2177 670 2229 Apostolorum
713 2178 976 2216 continentia
1032 2191 1089 2217 ex
1122 2178 1374 2218 Protocollo
1409 2164 1656 2229 Cevljarske
1689 2177 1888 2230 Zadruge
1919 2177 2184 2217 Labacensis

362 2248 471 2288 1670
503 2250 600 2287 anni
634 2255 826 2287 extracta
859 2255 969 2296 sunt,
1003 2250 1299 2288 conscribitur.

496 2328 687 2361 Musaeum
728 2328 966 2362 Rudolfmum
1001 2329 1220 2363 Labacense
1261 2329 1305 2364 N.
1330 2329 1359 2362 11
1388 2334 1425 2362 et
1451 2329 1512 2363 Ill.
1540 2329 1730 2362 Peculiarc
1757 2333 1815 2362 est
1846 2328 1955 2362 huius
1987 2328 2184 2374 fragmenti

356 2375 458 2419 qnod
482 2376 540 2419 jcr
566 2376 819 2409 abbraviatum
847 2376 1035 2410 exhibeat.

1014 2542 1104 2584 1772.
1138 2531 1230 2572 XV
1258 2545 1302 2578 5„
1335 2531 1541 2573 Labacen.

497 2625 754 2664 Breviarium
780 2625 1102 2678 Glagoliticum,
1125 2628 1246 2667 cuius
1269 2627 1560 2680 fragmentum
1584 2641 1640 2667 ex
1664 2628 1909 2678 protocollo
1932 2613 2183 2680 Cevljarske

358 2694 553 2747 Zadruge
586 2695 847 2735 Labacensis
884 2697 995 2736 1670
1027 2699 1125 2736 anni
1159 2704 1400 2737 extractum
1436 2705 1513 2747 est,
1545 2699 1842 2738 conscribitur.

500 2775 690 2808 Musaeum
720 2775 957 2809 Rudolfinnm
987 2777 1215 2816 Labacense,
1245 2778 1286 2813 N.
1309 2777 1339 2812 1.

918 2942 1006 2983 [75.
1039 2931 1135 2972 XV
1159 2945 1202 2979 3.,
1236 2932 1377 2985 (Bled)
1411 2932 1644 2986 Aquilejen.

499 3024 670 3062 Missale
704 3025 1024 3076 (jlxigoliticum,
1059 3028 1178 3066 cuius
1226 3028 1513 3081 fragmentum
1558 3029 1750 3069 officium
1797 3028 2054 3069 Dominicae
2102 3028 2143 3069 X
