2191 3434
531 245 1066 294 Glagolito-Romanae
1115 244 1269 280 XVII.
1320 256 1356 281 s.
1776 247 1796 281 7

564 390 632 430 13.
664 390 793 440 1604,
824 388 887 430 27
918 385 1090 437 Martii,
1124 384 1320 429 Sibenici.

173 483 224 526 In
258 482 388 525 Curia
419 482 658 536 episcopali
689 482 916 536 presbyter
939 479 1150 533 Georgius
1171 480 1437 534 Despotovic
1469 480 1689 534 parochus
1714 481 1841 523 villae

38 554 234 596 Murtarii
264 556 304 594 et
336 552 518 593 Betinae
549 552 776 595 dioceseos
799 551 1093 593 Sibenicensis
1117 551 1485 603 —interrogatus
1511 574 1559 581 —
1595 551 1843 593 cofirmavit

37 627 80 666 et
111 622 369 676 subscripsit
403 621 730 663 characteribus
763 620 1044 674 glagoliticis:

172 705 223 747 Ja
254 704 344 746 don
375 703 492 758 Juraj
534 702 800 756 Despotovic
845 701 1143 756 potvrdjujem
1184 703 1227 742 te
1273 701 1350 742 rici
1378 700 1476 756 jesu
1508 714 1641 754 zgora
1671 701 1839 755 pisane.

172 796 386 831 Archivum
405 795 540 830 Curiae
559 794 791 841 episcopalis
823 793 1094 837 Sibenicensis,
1125 793 1207 829 Vol.
1236 794 1291 837 51,
1323 794 1424 828 Acta
1453 793 1623 840 episcopi
1648 793 1843 829 Vincentii

35 844 219 890 Arigonis
246 842 484 886 1601—1605,
508 841 532 876 f.
558 842 635 876 241.

584 961 649 1001 14.
681 960 811 1010 1604,
843 957 1033 1011 Boljuni,
1067 958 1296 1012 Tergestin.

171 1054 404 1097 Urbarium
443 1053 652 1095 ecclesiae
693 1052 956 1106 parochialis
998 1052 1209 1107 Boljunec
1255 1052 1539 1105 Tergestinae
1582 1051 1837 1093 dioeceseos

34 1124 359 1167 characteribus
392 1122 647 1176 glagohticis
679 1122 836 1164 iterum
870 1120 942 1177 [cf
975 1134 1042 1163 an.
1080 1121 1210 1177 1576]
1245 1121 1486 1163 conficitur.

174 1204 208 1240 S.
246 1202 396 1246 ΚΙοᾶίὁ,
436 1202 634 1237 Slavische
674 1201 842 1254 Sprache
876 1201 952 1235 und
991 1201 1207 1236 Litteratur
1240 1201 1294 1246 (in
1319 1201 1496 1246 Istrien);
1533 1201 1573 1235 in
1612 1212 1728 1248 opere
1764 1201 1839 1236 Die

36 1249 382 1287 oesterreichjsche
419 1248 642 1284 Monarchie
676 1260 716 1283 1n
741 1248 855 1283 WVort
879 1248 959 1283 und
983 1247 1093 1293 Bild;
1119 1248 1184 1283 Bd.
1210 1248 1469 1292 Kustenland,
1493 1247 1571 1282 243

699 1367 765 1407 15.
797 1366 924 1417 1605,
956 1363 1166 1407 Parentii.

171 1461 422 1505 Notificatio
455 1459 649 1514 episcopi
682 1459 906 1502 Parentini
936 1458 1198 1512 Lippomani
1233 1458 1288 1500 de
1321 1457 1602 1500 conferentiis
1634 1461 1836 1513 pastora-

34 1533 148 1575 libus
180 1530 474 1574 dioecesanis:

179 1613 484 1657 Conferentiae
515 1611 759 1665 pastorales
790 1623 1063 1664 unoquoque
1093 1623 1244 1652 mense
1276 1609 1529 1652 habendae:
1583 1611 1689 1661 „alle
1722 1611 1839 1665 quali

34 1673 157 1715 siano
182 1672 391 1725 obbligati
415 1672 455 1713 d·
470 1670 731 1712 intervenire
754 1670 855 1711 tutti
873 1670 885 1711 i
905 1668 1114 1711 Canonici
1138 1669 1192 1710 ed
1210 1669 1306 1711 altri
1331 1668 1506 1710 chierici
1531 1669 1596 1710 ch’
1617 1671 1838 1712 eccedono

33 1732 144 1773 l’eta
176 1732 215 1773 d’
229 1730 333 1773 anni
368 1730 433 1780 18,
465 1742 628 1771 ancora
660 1729 740 1770 che
773 1728 1067 1770 officciassero
1100 1727 1214 1769 nella
1258 1727 1408 1780 lingua
1439 1727 1617 1770 schiava
1649 1726 1837 1784 [Slava].

37 1814 148 1820 —-—
186 1802 233 1831 se
274 1789 431 1830 alcuno
473 1801 564 1829 non
605 1799 781 1840 sapesse
824 1786 928 1828 dare
971 1786 998 1827 il
1037 1798 1168 1839 parer
1205 1798 1284 1827 suo
1332 1785 1376 1826 in
1409 1785 1602 1835 itaHano,
1635 1786 1677 1828 lo
1709 1790 1839 1841 petra

34 1861 145 1890 anco
178 1847 246 1889 dir
277 1847 320 1888 in
352 1846 561 1896 ischiavo‚
594 1859 639 1886 se
684 1848 774 1887 cosi
815 1847 972 1898 parera
1004 1843 1045 1886 al
1087 1843 1280 1893 Vicari03
1312 1857 1385 1885 ma
1417 1844 1460 1885 di
1492 1844 1567 1897 poi
1601 1845 1701 1898 quel
1733 1848 1837 1887 voto

36 1906 80 1948 di
113 1906 227 1948 colui
260 1905 381 1948 detto
414 1905 457 1946 in
488 1904 683 1946 ischiavo
716 1903 779 1944 sia
811 1903 974 1945 riferito
1018 1903 1075 1944 da
1106 1915 1166 1943 un
1198 1903 1322 1952 altro,
1362 1901 1648 1956 interpretato
1680 1903 1724 1945 in
1756 1903 1838 1946 ita-

34 1964 165 2007 liano.
198 1988 252 1994 —
284 1963 384 2005 Non
415 1963 450 2004 si
483 1962 656 2004 scusino
690 1961 702 2002 i
732 1961 907 2004 Schiavi
931 1961 975 2002 di
997 1974 1087 2002 non
1108 1963 1236 2014 poter
1269 1960 1437 2002 studiar
1470 1961 1482 2001 i
1515 1961 1605 2002 casi
1636 1963 1838 2015 proposti

31 2036 111 2076 per
142 2035 231 2064 non
263 2022 397 2064 haver
426 2021 538 2071 librl,
572 2034 644 2062 ma
683 2032 707 2061 o
741 2019 919 2061 studino
963 2019 1062 2073 quel
1103 2032 1184 2060 suo
1227 2017 1479 2071 Manipulus
1511 2021 1777 2071 curatorum,
1811 2034 1836 2062 o

31 2080 141 2122 altra
180 2080 323 2122 forma
363 2079 552 2132 volgare,
602 2091 735 2120 overo
777 2077 950 2119 almeno
1008 2077 1246 2130 procurino
1295 2076 1483 2118 conferir
1527 2077 1555 2118 il
1604 2091 1706 2120 caso
1754 2092 1838 2121 con

35 2138 205 2192 qualch'
220 2138 329 2180 altro
361 2137 590 2179 sacerdote
622 2149 701 2178 suo
745 2136 887 2178 vicino
932 2135 1210 2188 intelligente,
1244 2137 1286 2176 et
1328 2148 1459 2188 sopra
1492 2135 1537 2177 di
1570 2136 1714 2190 quello
1748 2137 1836 2179 dis-

35 2209 182 2239 correr
213 2199 256 2238 et
285 2209 414 2250 saper
445 2196 617 2237 almeno
651 2208 734 2236 con
767 2195 920 2247 ragion
952 2194 1152 2235 naturale
1183 2194 1225 2235 la
1257 2193 1480 2235 decisione
1512 2193 1555 2235 di
1589 2198 1726 2236 esso.“

112 2275 381 2357 '133r50hjvum
426 2274 645 2321 episcopale
681 2273 936 2309 Parentinum
981 2273 1048 2309 Ms.
1094 2273 1349 2309 Diversorum
1386 2272 1558 2319 episcopi
1606 2274 1836 2321 Lippomani

32 2334 121 2358 anm
239 2349 246 2357 .

612 2440 679 2480 16.
715 2439 843 2489 1605,
874 2436 991 2489 Pede,
1024 2437 1253 2491 Teryestin.

167 2533 280 2575 Pece
312 2532 558 2574 Dolinensis
589 2532 826 2585 parochiae
857 2532 901 2573 in
934 2531 1124 2573 dioecesi
1146 2531 1404 2584 Tergestina
1435 2531 1661 2572 urbarium
1695 2531 1830 2573 eccle-

34 2602 123 2644 siae
154 2602 202 2644 B.
230 2602 393 2644 Mariae
424 2601 610 2655 Virginis
644 2602 685 2642 in
720 2601 853 2643 Siaris
886 2601 1212 2643 characteribus
1245 2600 1502 2654 glagoliticis
1535 2601 1775 2642 conficitur.

168 2680 213 2716 A.
238 2681 388 2725 Klodici,
427 2680 627 2716 Slavische
653 2681 835 2733 Sprache
868 2680 947 2715 und
979 2681 1195 2715 Litteratur
1232 2680 1286 2724 (in
1327 2680 1508 2724 Istrien);
1543 2679 1581 2714 in
1613 2692 1728 2726 opere
1762 2681 1835 2715 Die

36 2727 380 2764 oesterreichische
405 2727 625 2763 Monarchie
650 2727 690 2761 in
715 2727 830 2762 Wort
855 2727 933 2761 und
958 2727 1063 2772 Bild3
1089 2727 1158 2762 Bd.
1184 2726 1441 2769 Kiistenland‚
1466 2707 1543 2760 243.

513 2845 581 2885 17.
613 2846 743 2895 1606,
776 2845 803 2885 5
833 2843 972 2894 Junii,
1005 2843 1107 2894 Boc,
1143 2843 1361 2897 Teryestis.

169 2937 428 2980 Aedificatio
478 2937 684 2979 ecclesiae
734 2937 776 2979 S.
825 2937 985 2979 Luciae
1032 2938 1074 2978 in
1122 2938 1225 2978 Brul
1268 2937 1408 2978 filialis
1455 2936 1690 2989 parochiae
1724 2936 1832 2982 Roc,

33 3005 270 3048 decanatus
314 3007 563 3060 Piquentini
606 3007 888 3059 Tergestinae
940 3007 1206 3055 dioeceseos,
1259 3006 1543 3058 inscriptione
1587 3004 1831 3057 glagolitica

33 3074 161 3116 fronti
195 3076 388 3118 eiusdem
423 3077 628 3118 ecclesiae
662 3077 868 3125 immissa,
901 3076 1139 3117 memoriae
1173 3076 1468 3126 consignatur.

169 3154 254 3189 Hoc
279 3155 322 3189 V.
350 3154 496 3189 Zamlic
521 3155 690 3190 decanus
718 3155 969 3189 Voloskensis
996 3167 1081 3188 cum
1110 3155 1220 3189 nobis
1249 3153 1557 3187 communicavit.
