2191 3434
649 312 1196 355 Glagolito-Romanae
1223 314 1318 350 XIX.
1346 325 1374 350 s.
1805 317 1849 353 39

118 455 331 508 aliquibus
369 455 489 505 locis,
527 458 751 507 Proprium
787 458 1044 507 Hungariae,
1070 457 1214 497 Varias
1244 459 1570 501 Benedictiones
1605 466 1715 501 extra
1740 460 1896 503 Rituale

118 530 370 576 Romanum,
415 527 685 579 Sequentiam
730 529 1039 568 Defunctorum
1073 541 1160 568 non
1206 527 1455 579 liturgicam,
1491 537 1529 571 et
1563 532 1782 572 Canticum
1818 545 1895 583 pro

116 599 325 648 Adventu,
360 600 440 639 hac
473 612 570 639 curn
605 600 918 650 approbatione
953 601 993 639 in
1026 600 1185 640 fronte:

265 695 402 745 „Cum
420 695 506 734 hoc
524 693 806 745 Epistolarum
824 699 862 735 et
879 694 1206 745 Evangeliorum
1224 708 1320 735 cum
1337 696 1615 738 Orationibus
1632 697 1896 747 Sanctorum,

117 754 406 805 feriarumque
440 767 520 794 nec
553 767 641 794 non
676 759 911 794 ceterarum
953 756 1130 804 pre‘cum
1164 753 1379 795 Volumen
1424 754 1631 808 Illyricum
1679 757 1896 806 ,Schiavet‘

118 818 423 865 nuncupatum,
461 812 561 854 nihil
597 818 742 854 contra
775 814 904 853 iidem
941 818 979 853 et
1013 814 1155 854 bonos
1190 827 1346 863 mores,
1381 814 1571 866 nihilque
1607 821 1750 856 contra
1786 819 1899 857 Prin-

119 874 258 924 cipem
301 873 572 925 Supremum,
619 873 828 913 Statumve
873 874 1098 922 contineat,
1146 872 1292 924 praelo
1342 874 1518 925 publico
1570 876 1718 916 donari
1769 889 1898 927 posse

119 945 349 974 censemus
383 934 423 972 in
458 933 663 972 Domino.

261 993 481 1033 Dabamus
527 993 639 1032 Novi
683 994 722 1032 ln
756 990 945 1033 Vinodol
993 993 1071 1031 hac
1118 993 1185 1032 die
1239 995 1288 1033 lO
1328 993 1508 1044 Augusti
1559 997 1680 1035 1849.
1714 996 1899 1046 Joannes

120 1053 300 1104 Baptista
334 1065 388 1092 rn.
414 1065 454 1103 p.
480 1053 722 1103 Episcopus
757 1051 1004 1102 Segniensis
1029 1056 1067 1091 et
1089 1053 1427 1093 Modrussiensis
1452 1066 1526 1093 seu
1553 1054 1895 1095 Corbaviensis.“

264 1143 341 1180 Cfr.
361 1144 534 1186 Pesante,
562 1145 610 1179 La
637 1145 781 1187 liturgia
809 1144 928 1187 Slava,
959 1145 1036 1180 151.

636 1302 710 1345 38.
750 1302 888 1353 1825,
923 1302 986 1343 25
1010 1301 1153 1355 Junii,
1196 1300 1400 1343 Venetus.

263 1397 508 1438 Confratres
543 1397 613 1438 SS.
638 1398 817 1448 Georgii
854 1402 892 1437 et
925 1398 1167 1449 Tryphonis
1211 1398 1403 1437 Nationis
1436 1396 1691 1438 Dalmaticae
1727 1412 1747 1438 a
1783 1399 1829 1438 C.
1855 1400 1898 1441 R.

121 1469 346 1510 Gubernio
381 1469 602 1510 Austriaco
638 1471 948 1509 concessiones
981 1470 1233 1509 {inantiarias
1267 1468 1519 1519 supplicant,
1555 1482 1607 1509 eo
1644 1470 1782 1519 quod:

268 1554 347 1603 „La
381 1554 572 1593 Nazione
612 1551 816 1601 Dalmata,
853 1553 989 1593 sudita
1032 1550 1187 1592 fedelle
1222 1550 1501 1602 all'Augusto
1549 1552 1740 1592 Sovrano
1778 1554 1900 1592 Fran-

121 1624 249 1652 cesco
284 1614 309 1662 Ι,
345 1613 397 1652 da
432 1611 536 1653 oltre
570 1617 629 1653 tre
665 1611 797 1653 secoli
833 1611 900 1652 col
936 1614 1114 1663 proprio
1163 1612 1310 1651 dinaro
1354 1612 1445 1651 fece
1481 1613 1644 1662 erigere
1680 1613 1718 1651 in
1754 1616 1900 1662 questa

121 1673 282 1722 Reggia
317 1672 422 1713 Citta
457 1673 497 1712 di
531 1673 716 1713 Venezia
750 1685 831 1712 una
867 1671 1036 1721 Scuola,
1073 1672 1196 1712 affine
1233 1672 1242 1710 i
1277 1670 1455 1711 Dalmati
1485 1670 1552 1711 col
1588 1673 1764 1722 proprio
1791 1672 1901 1722 Cap-

120 1730 306 1782 pellano‚
330 1733 383 1771 da
417 1745 510 1772 essa
545 1733 814 1783 stipendiato,
840 1736 1066 1782 potessero
1095 1730 1206 1772 nella
1229 1735 1360 1772 stessa
1386 1732 1607 1771 esercitare
1642 1730 1723 1771 nel’
1742 1732 1901 1771 Idioma

121 1789 270 1831 Illirico
306 1790 362 1842 gli
398 1792 510 1831 offici
545 1790 655 1831 della
686 1791 906 1832 Catholica
942 1789 1221 1841 Relligione.“

264 1883 455 1919 Catastico
485 1883 581 1919 della
608 1883 744 1919 Scuola
773 1883 831 1918 dei
860 1882 923 1918 SS.
950 1883 1107 1925 Giorgio
1136 1894 1155 1918 e
1183 1882 1350 1918 Tritione
1379 1883 1474 1917 della
1505 1884 1641 1918 Nation
1679 1883 1901 1925 Dalmatina,

122 1932 214 1967 Mss.
243 1942 341 1967 saec.
356 1931 436 1966 XVI
464 1942 513 1966 ss.
541 1933 577 1966 in
607 1931 768 1966 Archivo
799 1931 1014 1966 omonimae
1043 1931 1367 1966 Confraternitatis
1394 1930 1570 1972 Venetiis,
1598 1930 1623 1965 f.
1651 1931 1719 1964 254
1746 1942 1779 1965 v.

634 2100 708 2142 39.
750 2099 885 2149 1826,
921 2098 1179 2149 Novembri,
1203 2098 1391 2152 jadrae.

266 2208 544 2248 Seminarium
591 2206 906 2258 Theologicum
956 2206 1216 2247 Provinciale
1261 2207 1430 2256 jadrae,
1479 2207 1518 2245 in
1573 2206 1753 2247 aedibus
1803 2205 1902 2246 olim

123 2280 340 2321 Seminarii
374 2278 519 2331 Illyrici
554 2280 799 2319 dioecesani
831 2292 879 2318 ac
912 2280 964 2318 ab
999 2291 1110 2318 anno
1150 2279 1253 2318 1821
1287 2277 1505 2317 Seminarii
1543 2275 1770 2317 interinalis
1806 2275 1904 2317 Gla-

124 2349 282 2402 golitici
317 2349 602 2399 Provincialis,
638 2352 820 2401 aperitur
864 2351 916 2390 ad
951 2363 1144 2389 normam
1192 2349 1523 2389 Seminariorum
1571 2349 1902 2396 Austriacorum,

124 2424 163 2462 in
198 2435 285 2473 quo
321 2424 442 2462 etiam
482 2423 560 2472 „La
594 2422 738 2472 lingua
773 2421 916 2462 illirica
952 2435 973 2462 e
1009 2421 1243 2461 letteratura
1278 2422 1409 2460 antica
1461 2433 1482 2460 e
1523 2419 1697 2469 volgare
1745 2421 1785 2459 iu
1832 2419 1903 2458 acl-

124 2493 277 2534 dottata
311 2506 435 2534 come
470 2495 638 2533 materIa
673 2494 955 2534 d'istruzione
990 2495 1056 2533 nei
1090 2497 1149 2533 tre
1185 2493 1307 2543 primi
1342 2493 1468 2539 corsi,
1506 2504 1587 2531 con
1623 2490 1763 2531 studio
1797 2489 1903 2529 obli-

125 2567 304 2616 gatorio,
340 2578 361 2606 e
397 2578 480 2606 con
515 2567 714 2616 apposito
750 2567 1040 2616 proiessore.“

267 2669 310 2705 C.
338 2671 375 2706 F.
404 2671 568 2713 Bianchi,
596 2671 690 2705 Zara
719 2671 903 2706 Cristiana
932 2671 954 2713 Ι,
985 2670 1085 2712 1877,
1114 2681 1149 2713 p.
1178 2671 1247 2705 278
1273 2680 1302 2704 s.

617 2839 693 2881 40.
733 2838 868 2888 1827,
912 2837 1104 2879 Venetas
1140 2835 1416 2890 (Spalaten).

268 2943 425 2988 Rituale
460 2947 696 2988 Romanum
731 2944 874 2995 lingua
909 2946 1089 2984 croatica
1108 2943 1283 2994 vulgari,
1308 2945 1386 2982 iam
1412 2955 1522 2981 anno
1554 2943 1662 2980 1640
1687 2953 1707 2979 a
1733 2941 1903 2978 Bartho-

125 3013 295 3056 lomaeo
330 3017 452 3059 Kasic'
486 3017 525 3057 S.
547 3018 579 3068 J.
602 3029 771 3057 versum
807 3020 845 3056 et
877 3017 985 3067 typis
1008 3015 1046 3055 S.
1072 3015 1432 3064 Congregationis
1456 3012 1763 3062 Propagandac
1790 3010 1902 3048 Fidei

127 3087 283 3126 editum
319 3087 422 3135 (Cir.
459 3089 612 3128 Fontes
646 3089 750 3128 XVII
775 3100 806 3127 s.
830 3088 866 3127 N
902 3088 1012 3134 109),
1049 3098 1147 3124 cura
1183 3089 1220 3124 et
1255 3085 1457 3134 impensis
1480 3081 1735 3133 Spalatensis
1760 3080 1903 3119 Archi-

127 3159 321 3208 episcopi
357 3157 470 3198 Pauli
506 3159 631 3201 KaCic'
667 3159 819 3198 Miosic
854 3159 973 3198 tertio
1011 3157 1271 3206 imprimitur.

266 3249 374 3293 Juxta
401 3249 589 3294 exemplar
616 3251 650 3284 in
681 3253 868 3285 conventu
899 3249 933 3284 S.
963 3248 1155 3283 Michaelis
1181 3247 1323 3290 Jadrae.
