2243 3444
361 301 405 335 32
965 300 1144 335 Fontes
1196 301 1453 345 Liturgiae

847 441 946 479 107.
980 441 1107 488 1640,
1140 441 1168 479 3
1199 438 1328 491 Maj2·‚
1361 438 1569 481 Parentis.

454 520 684 572 Bugierius
715 519 937 560 Tritonius
970 519 1200 572 episcopus
1233 519 1492 561 Parentinus
1524 520 1568 561 in
1599 521 1811 563 relatione
1834 521 2104 564 Visitationis

317 588 372 629 ad
404 588 552 629 limina
584 589 897 642 Apostolorum
931 588 974 629 S.
1009 588 1404 641 Congregationem
1428 588 1610 630 Concilii
1635 590 1688 631 de
1711 593 1827 632 statu
1851 591 2108 633 dioeceseos

318 657 545 698 certiorem
577 658 778 705 reddens,
811 657 961 698 refert:

458 736 530 787 „In
563 738 759 789 pluribus
792 737 914 785 villis,
947 738 1065 786 vicis,
1099 740 1140 778 et
1171 738 1390 779 nonnullis
1414 739 1541 779 etiam
1565 739 1893 792 parochialibus
1916 740 2109 795 ecclesijS

316 795 473 846 partim
506 796 654 843 latino,
687 796 844 847 partim
878 795 1031 836 Illirico
1065 796 1273 836 idiomate
1306 796 1452 837 divina
1485 796 1771 839 celebrantur.

453 873 727 907 Authenticum
755 874 793 906 in
819 873 987 908 Archivo
1016 874 1050 908 S.
1079 874 1216 920 Congr.
1256 874 1413 909 Concilii
1448 875 1485 908 in
1519 875 1725 910 Tabulario
1758 876 2110 927 Vaticanoajuxta

318 925 540 964 excerptum
567 919 831 953 Crncicianum
857 920 946 953 anni
971 920 1078 963 1892;
1104 921 1169 954 ubi
1195 920 1525 963 animadvertitur,
1551 921 1685 955 eadem
1703 921 1748 955 ab
1768 922 1903 956 eodem
1928 933 2109 968 eplscopo

318 976 416 998 anno
445 965 532 998 1670
558 968 595 999 et
622 965 709 998 1643
733 966 854 999 relata
881 977 976 1000 esse.

802 1084 899 1123 108.
932 1084 1061 1133 1640,
1094 1085 1148 1124 12
1177 1082 1426 1133 Jmnaarii,
1462 1083 1607 1125 Tlconi.

455 1161 823 1203 Subcomissarius
858 1162 968 1204 Petri
1002 1164 1198 1210 Beruisii,
1239 1165 1538 1206 neonoininati
1580 1165 1752 1206 abbatis
1784 1165 2096 1207 comendatarii

318 1230 393 1271 SS.
425 1229 607 1271 Gosmae
640 1234 680 1271 et
711 1232 909 1273 Damiani
953 1233 1001 1273 O.
1047 1233 1087 1274 S.
1121 1234 1167 1273 B.
1201 1234 1244 1274 in
1276 1237 1425 1274 monte
1471 1223 1694 1275 Tko'nensi
1724 1234 1946 1275 Jadrensis
1981 1234 2104 1275 dioe-

317 1312 478 1349 ceseos,
509 1300 831 1352 possessionem
864 1302 1104 1343 comendae
1136 1303 1267 1344 sumit
1297 1306 1545 1356 postquam,
1578 1306 1625 1343 ut
1656 1303 1750 1356 ipse
1781 1303 1912 1344 dicit:

456 1380 673 1430 „intimavi
705 1382 867 1423 litteras
900 1384 1163 1435 apostolicas
1206 1397 1338 1436 supra
1384 1383 1642 1425 comendam
1676 1383 1931 1436 predictam,
1969 1396 2102 1436 expe-

316 1437 427 1477 ditas
458 1438 538 1477 sub
571 1439 674 1479 dato
707 1440 876 1480 Romae
916 1441 1055 1492 pridie
1094 1439 1199 1481 Idus
1239 1441 1351 1495 Junij
1391 1441 1496 1482 1632
1539 1441 1673 1494 (sicl),
1707 1444 1748 1481 et
1781 1441 1836 1482 ad
1869 1441 2106 1483 clariorem

315 1494 527 1535 dictorum
560 1497 876 1538 monachorum
909 1498 1235 1550 intelligentiam
1267 1512 1316 1539 ac
1339 1499 1538 1540 notitiam
1561 1498 1902 1540 substantialiter
1931 1497 2102 1552 Illyrico

315 1551 522 1593 idiomate
554 1554 734 1606 exposui
767 1558 901 1606 utque
932 1556 1212 1608 interpretavi
1244 1556 1398 1597 seriem
1432 1556 1645 1597 dictarum
1677 1556 1957 1598 litterarum.“

315 1676 374 1709 HI
400 1630 523 1720 αξξ).
547 1632 656 1711 {3ng
684 1633 883 1678 Rogorslze
909 1634 1053 1680 opatije
1080 1635 1117 1668 in
1143 1635 1387 1680 ephemeride
1415 1635 1590 1669 Viestnik
1617 1635 1698 1670 hrv.
1732 1634 1896 1669 archeol.
1923 1635 1976 1668 dr.
2002 1634 2046 1668 N.
2065 1634 2104 1670 S.

977 1777 1074 1815 109.
1107 1777 1235 1825 1640,
1266 1774 1436 1816 Romae.

452 1851 810 1894 Bartholomaeus
828 1854 955 1895 Kasic
977 1854 1020 1896 S.
1043 1855 1091 1905 J.,
1114 1856 1291 1896 Urbano
1322 1856 1469 1908 Papae
1492 1855 1595 1896 VIII.
1630 1856 1804 1897 Rituale
1835 1855 2100 1905 Romanum,

315 1920 609 1972 praecipiente
653 1923 807 1963 eodem
841 1923 1050 1964 pontifice
1082 1925 1228 1976 lingua
1260 1926 1450 1965 croatica
1496 1925 1660 1977 vulgari
1691 1937 1878 1974 versum,
1910 1923 1950 1964 S.
1985 1923 2101 1965 Con-

316 1988 552 2039 gregationi
585 1990 900 2043 Propagandae
934 1993 1052 2033 Fidei
1083 2006 1198 2034 anno
1233 1992 1338 2034 1646
1371 1993 1482 2046 typis
1515 1994 1690 2042 editam,
1724 1992 1910 2035 dedicat.

451 2069 627 2110 Urbano
660 2070 768 2112 VIII.
802 2072 928 2113 Pont.
952 2074 1062 2114 Max.
1085 2074 1446 2115 Bartholomaeus
1479 2073 1655 2114 Cassius
1687 2073 1887 2114 Dalmata
1919 2072 2103 2113 Foelici-

316 2129 413 2165 tem.
446 2126 678 2169 Prudentia
709 2142 758 2169 ac
799 2130 993 2184 pijssimo
1037 2131 1217 2171 consilio
1256 2132 1417 2172 factum
1461 2134 1537 2180 est,
1585 2131 1840 2172 Beatissime
1879 2130 2023 2180 Pater,
2056 2133 2105 2170 ut

317 2182 487 2223 Bituale
520 2184 719 2226 Latinum
750 2186 873 2227 fieret
902 2186 1131 2241 Illyricum,
1165 2189 1228 2229 Te
1259 2189 1566 2241 praecipiente,
1607 2191 1647 2229 et
1680 2188 1914 2240 expetitum
1949 2201 1974 2228 a
2005 2190 2098 2229 tota

317 2239 501 2281 Natione
530 2242 570 2281 in
603 2242 741 2283 lucem
777 2245 989 2286 ederetur.
1022 2246 1279 2286 Perdifficile
1311 2247 1425 2287 enim
1457 2249 1548 2287 erat
1580 2245 1753 2298 Illyricis
1786 2244 2101 2286 Sacerdotibus

317 2309 403 2336 non
437 2299 586 2349 paucis
619 2300 776 2341 Sacros
808 2302 933 2342 Ritus
965 2303 1118 2344 Latino
1151 2304 1323 2356 eloquio
1357 2304 1541 2356 scriptos
1575 2303 1824 2354 intelligere,
1859 2315 2023 2355 eosque
2055 2302 2100 2344 in

315 2355 437 2404 praxi
470 2368 677 2405 exercere,
711 2359 828 2411 apud
871 2373 981 2412 quos
1027 2374 1115 2401 non
1158 2374 1208 2402 ea
1250 2361 1428 2402 Latinae
1471 2361 1644 2412 linguae
1676 2360 1790 2412 viget
1822 2359 2023 2408 eruditio,
2056 2362 2104 2400 ut

316 2412 496 2462 possint,
530 2415 704 2467 exsequi
737 2417 1004 2469 praescripta
1036 2418 1129 2465 rite,
1161 2421 1377 2471 recteque,
1412 2418 1523 2459 sicut
1556 2420 1742 2470 oportet.
1777 2417 1921 2457 Meum
1954 2417 2102 2470 itaque

317 2469 395 2508 fuit
429 2468 560 2510 Sacra
587 2472 767 2524 jubente
801 2474 1148 2526 Congregatione
1198 2476 1278 2529 (De
1324 2475 1618 2528 Propaganda
1649 2473 1788 2527 Fide),
1823 2487 1920 2515 cum
1953 2474 2101 2515 adhuc

319 2538 455 2565 essem
489 2528 530 2566 in
566 2528 747 2571 Basilica
781 2530 988 2572 Vaticana
1020 2533 1369 2573 poenitentiarus
1401 2532 1605 2585 lllyricus,
1639 2532 1845 2572 diuturno
1877 2531 2028 2572 labore
2059 2531 2103 2571 in

317 2594 455 2633 paene
488 2584 653 2627 infinita
685 2587 903 2629 idiomatis
936 2589 1085 2643 lllyrici
1129 2590 1335 2631 varietate
1367 2590 1636 2642 prescribere
1679 2588 1970 2630 communiori
2005 2589 2100 2629 dia-

316 2639 426 2679 lecto
461 2640 645 2694 Illyricis,
679 2645 797 2696 quod
830 2646 991 2686 Latinis
1022 2660 1163 2688 sermo
1197 2648 1356 2688 latinus
1378 2647 1669 2699 praescripsit.
1701 2669 1741 2675 —
1770 2669 1817 2676 —-
1851 2645 2101 2687 Ditissimus

316 2698 511 2748 profecto
553 2700 780 2742 thesaurus
822 2704 1038 2744 Ecclesiae
1085 2705 1274 2756 Illyricae
1321 2705 1400 2746 erit
1446 2705 1681 2746 Sacrorum
1713 2703 1895 2744 Rituum
1928 2703 2103 2744 Rituale

321 2755 516 2795 effectum
539 2756 763 2810 Illyricum,
798 2773 885 2812 quo
919 2763 960 2800 et
992 2775 1094 2813 gens
1126 2762 1329 2803 universa
1367 2762 1586 2812 ditabitur,
1620 2764 1661 2802 et
1683 2760 1898 2802 catholica
1929 2760 2038 2801 fides
2060 2760 2104 2801 in

320 2811 538 2852 latissimis
569 2816 802 2865 provinciis
834 2818 1161 2870 propagabitur.
1195 2844 1247 2848 —-

455 2869 534 2909 Mel
569 2872 778 2914 Comedat
813 2874 977 2923 Slavus,
1010 2877 1127 2917 bona
1158 2880 1257 2916 sunt
1291 2877 1540 2917 dulcissima
1570 2876 1721 2917 mella:

457 2926 520 2966 Nil
556 2931 754 2971 comedet
787 2931 931 2972 Sacris
964 2933 1131 2973 dulcius
1166 2934 1362 2986 eloquiis.

456 2984 536 3023 Mel
570 2986 748 3027 Sacrum
781 2990 943 3040 praebe
975 2990 1114 3030 Slavis
1150 3015 1196 3020 —
1228 2992 1314 3032 Leo
1344 2992 1472 3032 Pater
1502 3015 1557 3020 —
1589 2989 1800 3031 vulucris:

457 3041 654 3083 Dalmata
686 3046 767 3085 mel
800 3047 963 3097 poscit;
996 3050 1060 3088 ter
1091 3061 1214 3089 sacra
1247 3048 1388 3089 Verba
1420 3049 1538 3089 dato.

457 3098 540 3139 Mel
576 3100 762 3142 Verbum
794 3103 937 3152 Verbi,
972 3104 1221 3157 Patrisque:
1256 3105 1340 3146 hoc
1373 3105 1560 3158 Spiritus
1591 3105 1743 3145 Almus

456 3155 538 3196 Dat
570 3158 803 3210 scriptum:
837 3161 1010 3214 Illyricis
1043 3162 1175 3203 Trina
1208 3163 1390 3204 redonet
1420 3162 1542 3215 Apis.
