2191 3434
585 1010 621 1049 1.
655 1009 778 1057 1601,
810 1008 872 1048 23
901 1005 1086 1059 Aprilis,
1118 1005 1293 1047 Labaci.

171 1101 365 1143 Thomas
398 1101 573 1142 Chroen
614 1096 848 1154 episcopus
888 1099 1151 1142 Labacensis
1183 1099 1239 1140 ad
1274 1099 1471 1140 ordinem
1514 1097 1842 1152 presbyteratus

34 1171 282 1225 glagolitam
315 1172 514 1213 Joannen
547 1170 708 1212 Vitezic'
755 1183 806 1211 ex
849 1169 1049 1222 Veglensi
1092 1169 1283 1211 dioecesi
1326 1169 1560 1210 oriundum
1593 1171 1838 1222 promovet.

172 1262 348 1297 Diarium
385 1273 405 1297 e
434 1262 557 1308 iscopi
595 1261 830 1296 Labacensis
870 1261 1043 1296 Thomas
1085 1261 1226 1305 Croen;
1277 1259 1342 1295 cfr.
1380 1259 1553 1306 Izvestja
1588 1259 1844 1305 muzejskoga

34 1310 206 1354 drustva„
233 1309 372 1344 Labaci
418 1309 468 1351 ΙΙ,
493 1309 548 1343 40.

407 1464 451 1503 2,
483 1463 608 1511 1601,
639 1463 702 1502 27
736 1459 985 1511 Decembris,
1018 1459 1175 1502 Romae
1206 1458 1472 1513 (Parentin).

172 1554 362 1596 Joannes
396 1554 696 1608 Lippomanus
720 1554 954 1606 episcopus
979 1553 1241 1594 Parentinus
1265 1552 1308 1593 in
1331 1552 1542 1593 relatione
1566 1551 1837 1593 Visitationis

35 1624 92 1666 ad
123 1624 292 1666 Limina
323 1624 640 1676 Apostolorum
664 1623 707 1665 S.
734 1623 1130 1676 Congregationem
1155 1621 1337 1664 Concilii
1360 1622 1414 1663 de
1436 1624 1553 1663 statu
1586 1621 1844 1662 dioeceseos

37 1694 265 1736 certiorem
298 1693 502 1742 reddens,
534 1693 681 1734 refert:

178 1788 250 1838 „In
280 1787 529 1828 visitatione
578 1787 791 1828 dioecesis
834 1786 1025 1839 comperi
1069 1785 1214 1833 etiam,
1258 1785 1379 1838 quod
1409 1785 1556 1838 plures
1589 1784 1842 1826 sacerdotes

36 1857 160 1886 meae
191 1845 405 1886 dioecesis
436 1847 537 1886 sunt
568 1845 710 1885 Illirici
753 1847 794 1885 et
835 1848 1011 1897 praeter
1042 1843 1218 1884 Missale
1265 1846 1307 1884 et
1339 1843 1609 1884 Breviarium
1642 1844 1766 1883 vetus
1800 1843 1842 1882 in

35 1903 184 1955 lingua
215 1903 369 1944 Illirica
401 1902 627 1955 impressa,
660 1905 701 1942 et
734 1902 961 1955 quoddam
1006 1901 1238 1955 parvulum
1271 1901 1542 1953 Manipulum
1573 1913 1707 1941 manu
1741 1912 1845 1941 con-

36 1960 260 2012 scriptum,
284 1960 426 2001 nullos
459 1960 565 2001 alias
606 1959 743 2001 libros
783 1960 942 2001 latinos
984 1959 1209 2000 italicosve
1250 1959 1415 1999 habent
1457 1958 1500 1998 in
1533 1971 1627 2007 usu,
1660 1970 1740 1998 nec
1773 1957 1842 2011 aiij

37 2017 81 2058 in
111 2018 260 2070 lingua
292 2018 446 2059 lllirica
478 2018 537 2058 ibi
569 2018 861 2071 reperiuntur,
893 2017 1053 2070 quibus
1076 2017 1302 2058 studentes
1336 2028 1438 2056 oves
1470 2015 1552 2056 sibi
1586 2015 1842 2056 commissas

35 2075 169 2117 verbo
201 2089 381 2129 pascere
413 2075 625 2117 adiscant.
659 2076 784 2117 Unde
816 2075 872 2116 ad
905 2076 989 2116 hoc
1013 2075 1133 2128 quod
1156 2074 1312 2127 aliquis
1345 2074 1589 2115 minoribus
1622 2085 1672 2114 ac
1705 2073 1839 2114 sacris

39 2133 278 2174 Ordinibus
311 2134 507 2175 initietur
539 2137 606 2174 sat
637 2136 714 2183 est,
747 2136 796 2174 ut
826 2133 935 2174 sciat
966 2133 1107 2185 legere
1140 2133 1311 2174 Missale
1334 2145 1384 2173 ac
1416 2131 1684 2172 Breviarium
1717 2130 1842 2172 Illiri-

38 2203 149 2233 cum.
183 2192 239 2232 Ut
261 2192 393 2244 igitur
423 2191 621 2241 Missalis,
655 2191 861 2245 Breviarij
896 2204 946 2232 ac
981 2189 1161 2232 Ritualis
1193 2189 1383 2231 Romani
1417 2202 1522 2230 usus
1544 2189 1587 2230 in
1620 2191 1713 2230 tota
1744 2202 1843 2230 mea

39 2249 226 2290 dioecesi
260 2249 507 2297 inducatur,
541 2251 582 2289 et
615 2249 757 2290 clerici
790 2250 1047 2296 educantur,
1072 2249 1145 2301 qui
1170 2249 1210 2288 in
1236 2248 1422 2289 lectione
1455 2249 1493 2288 et
1527 2247 1674 2288 studio
1706 2247 1841 2287 libro-

36 2320 131 2348 rum
164 2307 413 2357 latinorum,
446 2320 498 2348 ac
540 2306 797 2356 italicorum,
842 2307 896 2347 de
928 2307 1139 2348 doctrinis
1188 2306 1243 2347 ad
1276 2318 1488 2359 personas
1521 2304 1841 2346 ecclesiasticas

36 2365 350 2417 spectantibus,
382 2365 665 2406 tractantium
683 2367 919 2413 versantes,
943 2365 999 2405 ad
1024 2364 1312 2406 erudiendum
1337 2363 1550 2416 populum
1575 2363 1628 2404 de
1654 2363 1704 2403 iis
1728 2375 1842 2416 quae

36 2423 92 2464 ad
125 2423 309 2464 salutem
342 2426 443 2464 sunt
475 2423 732 2471 necessaria,
779 2423 885 2463 fiant
917 2422 1079 2471 idonei,
1113 2422 1473 2463 constitutionem
1506 2422 1615 2462 hanc
1647 2420 1842 2473 promul-

37 2480 141 2533 gari,
173 2480 374 2522 videlicet
406 2481 526 2534 quod
559 2480 602 2521 in
634 2484 862 2534 posterum
884 2481 1027 2521 nullus
1049 2480 1231 2522 accedat
1263 2479 1319 2520 ad
1352 2479 1675 2531 susceptionem
1710 2478 1839 2519 etiam

38 2537 245 2579 clericalis
277 2541 497 2588 tonsurae,
547 2539 620 2591 qui
652 2539 774 2592 loqui
807 2551 858 2579 ac
900 2539 1042 2591 legere
1074 2551 1164 2579 non
1196 2538 1305 2579 sciat
1351 2537 1486 2578 libros
1520 2536 1664 2578 italica
1695 2536 1844 2588 lingua

36 2594 296 2649 impressos3
334 2599 374 2637 et
406 2597 592 2649 quisque
624 2597 684 2637 ita
715 2596 918 2648 proficiat
952 2597 995 2637 in
1027 2596 1299 2637 addiscendo
1331 2595 1527 2647 linguam
1558 2593 1755 2635 Italicam
1789 2606 1838 2634 ac

37 2651 248 2701 Latinam,
292 2654 665 2707 quemadmodum
712 2655 830 2707 cupit
870 2654 1074 2707 progredi
1119 2653 1334 2706 gradatim
1378 2653 1431 2694 de
1475 2653 1735 2693 merioribus
1784 2651 1840 2693 ad

37 2711 262 2753 maioreno
297 2712 535 2753 ordinem.“

173 2802 452 2838 Authenticum
485 2803 523 2837 in
549 2803 703 2838 Archiv.
744 2803 778 2838 S.
815 2804 954 2850 Congr.
994 2803 1156 2839 Concilii
1183 2803 1221 2837 in
1248 2802 1455 2838 Tabulario
1486 2801 1692 2845 Vaticano,
1726 2801 1843 2847 juxta

39 2852 262 2895 excerptum
288 2849 558 2884 Crncicianum
585 2850 674 2885 anni
703 2850 799 2884 1892.

841 3003 880 3043 3.
915 3004 1038 3043 1601.

175 3093 493 3136 Testimonium
536 3094 676 3137 Mauri
726 3095 878 3136 Orbini
912 3095 966 3136 de
998 3107 1078 3136 usu
1120 3094 1319 3147 liturgiae
1363 3093 1835 3146 Glagolito-Romanae

39 3161 226 3204 maxime
256 3163 300 3204 in
331 3163 539 3205 Liburnia
569 3164 879 3206 archiducatus
912 3163 1176 3207 Carinthiae.

110 3346 225 3390 Jeme,
246 3355 415 3390 FONTES,
436 3356 511 3385 pars
533 3356 567 3384 11.
1740 3354 1768 3380 *¹
