2243 3444
354 313 400 349 90
947 306 1140 340 Fontes
1168 303 1446 345 Liturgiae

450 453 665 496 Nonnulla
700 453 827 493 dubia
861 463 990 502 super
1024 463 1102 490 usu
1137 448 1306 498 linguae
1341 444 1674 498 palaeoslavicae
1698 447 1738 486 in
1761 457 1878 485 sacra
1901 443 2079 495 liturgia,

311 517 460 557 Sacrae
495 516 659 557 Rituum
695 511 1031 561 Congregationi
1062 521 1140 559 pro
1166 511 1408 558 opportuna
1432 504 1716 546 declaratione
1739 517 1876 555 nuper
1900 504 2080 544 exhibita
2147 498 2178 517 ”
2222 512 2231 529 π·

310 580 416 616 sunt.
454 575 598 615 Quum
621 584 723 613 vero
758 571 882 610 Sacra
913 569 1062 609 eadem
1089 567 1380 617 Congregatio
1406 566 1515 605 circa
1539 565 1649 605 istud
1671 577 1771 604 sane
1796 576 1921 614 grave
1945 575 2080 613 nego-

308 637 409 675 tium
444 633 692 684 iampridem
727 642 850 670 suum
885 628 1069 668 studium
1105 626 1370 677 impenderit,
1418 628 1460 665 ut
1499 624 1709 675 quaedam
1742 635 1918 663 normae
1952 623 2081 665 R.mis

311 693 505 734 locorum
542 691 778 732 Ordinariis
812 690 891 727 hac
924 689 964 727 in
998 699 1042 726 re
1075 687 1350 733 traderentur,
1396 684 1566 724 tandem
1601 684 1640 723 in
1675 683 1906 723 Ordinatio
1942 682 2080 722 Coetu

310 754 377 793 die
417 754 465 792 13
512 751 708 791 Februari
758 749 866 787 1892
914 747 1170 793 coadunato,
1218 748 1315 795 post
1361 747 1568 783 maturum
1613 754 1787 782 examen
1833 742 2081 791 attentisque

310 810 714 863 praescriptionibus
746 807 785 847 S.
821 806 944 846 Sedis
984 818 1032 845 ac
1077 805 1346 855 potissimum
1380 800 1628 853 Apostolica
1663 802 1974 842 Constitutione
2009 801 2082 849 ,Ex

310 868 505 922 pastorali
526 870 713 908 munere‘
750 866 911 906 Summi
946 865 1160 904 Pontificis
1184 863 1399 903 Benedicti
1432 863 1535 910 XIV,
1565 862 1647 901 diei
1671 862 1726 901 26
1750 860 1929 910 Augusti
1957 862 2081 908 1754,

311 932 582 980 insequentes
616 925 900 967 resolutiones
935 922 1087 964 elicere
1122 923 1297 971 censuit,
1331 923 1552 961 nimirum:

452 990 475 1028 1.
512 989 551 1027 In
587 986 890 1026 Functionibus
924 982 1126 1033 liturgicis
1160 980 1303 1032 lingua
1337 979 1501 1029 slavica,
1537 980 1609 1020 ubi
1633 978 1818 1030 legitime
1844 980 1883 1018 in
1908 991 1987 1019 usu
2007 982 2081 1028 est,

312 1049 438 1088 debet
471 1059 563 1087 esse
599 1047 765 1096 antiqua
800 1042 965 1092 slavica,
999 1055 1086 1082 non
1121 1042 1327 1081 moderna
1361 1042 1447 1080 sive
1479 1038 1677 1090 vulgaris.

452 1108 492 1146 II.
527 1107 625 1145 Non
669 1103 764 1144 licet
809 1104 983 1143 Missam
1029 1100 1172 1152 legere
1217 1099 1281 1140 vel
1330 1104 1493 1140 cantare
1540 1099 1700 1139 utendo
1746 1098 1893 1149 partim
1939 1095 2082 1147 lingua

310 1166 444 1214 latina,
480 1166 626 1216 partim
661 1162 837 1211 slavica;
872 1162 949 1202 sed
983 1162 1162 1212 permitti
1198 1164 1349 1211 potest,
1385 1160 1457 1199 ubi
1491 1157 1633 1208 lingua
1658 1156 1809 1198 slavica
1833 1154 2014 1205 invaluit,
2039 1159 2083 1196 ut

311 1227 479 1265 cantatis
513 1223 638 1264 latino
674 1235 872 1263 sermone
907 1219 1092 1272 Epistola
1127 1224 1165 1260 et
1198 1217 1441 1269 Evangelio,
1487 1222 1713 1268 utrumque
1757 1220 1927 1256 canatur
1961 1217 2082 1256 etiam

310 1284 451 1335 lingua
486 1281 804 1334 palaeoslavica.

454 1345 508 1383 Ill.
545 1342 811 1389 Sacerdotes,
847 1341 918 1391 qui
953 1341 1017 1379 ius
1050 1339 1206 1378 habent
1239 1339 1390 1378 Missas
1424 1335 1668 1377 celebrandi
1703 1340 1742 1375 et
1769 1336 1897 1375 horas
1921 1332 2084 1385 persol-

311 1404 436 1443 vendi
471 1402 613 1452 lingua
648 1400 812 1449 slavica,
849 1400 1007 1439 debent
1039 1411 1125 1438 non
1161 1396 1300 1437 solum
1336 1398 1391 1436 uti
1425 1395 1568 1446 lingua
1602 1394 1751 1435 slavica
1777 1393 1981 1444 liturgiCa,
2006 1393 2083 1433 sed

313 1464 432 1502 etiarn
480 1463 511 1501 si
555 1462 708 1501 addicti
755 1464 851 1500 sunt
894 1457 1120 1506 Ecclesiae,
1168 1458 1239 1496 ubi
1284 1455 1426 1506 lingua
1470 1454 1590 1495 latina
1624 1455 1860 1502 adhibetur,
1910 1454 2083 1493 Missam

312 1520 548 1561 solemnem
584 1520 705 1560 latIne
741 1518 957 1558 celebrare
982 1521 1020 1557 et
1042 1518 1170 1556 horas
1195 1515 1320 1556 latino
1346 1527 1544 1555 sermone
1570 1518 1748 1554 cantare.
1784 1514 1898 1553 Idem
1924 1513 2085 1552 dicatur

314 1582 366 1621 de
401 1581 716 1628 Sacerdotibus,
752 1580 822 1629 qui
858 1577 979 1617 latine
1014 1578 1187 1616 Missam
1223 1574 1498 1623 celebrantes,
1546 1578 1585 1613 et
1617 1575 1745 1613 horas
1778 1571 2083 1624 persolventes,

313 1641 541 1680 ministrant
574 1637 787 1679 Ecclesiae
822 1638 894 1677 ubi
929 1635 1083 1676 slavica
1117 1634 1260 1685 lingua
1294 1633 1479 1684 legitime
1515 1633 1750 1673 introducta
1785 1636 1858 1672 est.

453 1732 669 1775 Ephemeris
706 1730 875 1765 officialis
913 1730 1049 1764 Curiae
1076 1727 1309 1772 Episcopalis
1350 1726 1578 1771 Spalatensis
1612 1726 1687 1760 List
1712 1724 1898 1769 biskupije
1925 1723 2086 1768 Splitske

311 1780 319 1813 i
348 1779 556 1822 Makarske‚
587 1779 687 1821 1894,
715 1789 750 1823 p.
772 1779 827 1813 00.

946 1933 1049 1975 107.
1089 1932 1225 1981 1893,
1261 1929 1446 1975 Romae.

456 2044 495 2081 ln
530 2041 668 2081 lucem
703 2042 845 2092 prodit
877 2042 984 2093 typis
1006 2040 1045 2080 S.
1071 2039 1431 2089 Congregationis
1454 2037 1760 2088 Propagandae
1785 2036 1899 2076 Fidei
1928 2033 2086 2077 Rituale

315 2115 549 2156 Romanum
570 2111 712 2163 lingua
744 2111 906 2162 vulgari
941 2112 1135 2159 croatica,
1162 2114 1316 2150 textum
1342 2112 1511 2148 curante
1537 2109 1745 2148 canonico
1770 2107 1809 2147 S.
1834 2107 2081 2158 Hieronymi

314 2183 593 2224 Slavonorum
628 2184 680 2223 de
715 2184 831 2224 Urbe
867 2181 1025 2224 Carolo
1061 2181 1217 2229 Parcic',
1252 2181 1331 2220 sub
1366 2178 1503 2220 titulo:

456 2267 610 2309 Rimski
635 2265 764 2309 Ritual
788 2265 1064 2314 (Obrednik),
1090 2264 1211 2303 izdan
1237 2276 1293 2314 po
1317 2263 1539 2313 zapoviedi
1562 2275 1620 2302 sv.
1646 2266 1738 2302 otca
1761 2273 1870 2312 pape
1894 2257 2014 2300 Pavla
2035 2260 2084 2300 V.

314 2339 334 2365 a
369 2331 610 2376 pomnoian
659 2327 668 2365 i
712 2323 999 2376 poizpravljen
1047 2323 1323 2363 Benediktom
1366 2323 1455 2362 XIV
1489 2323 1631 2361 cestite
1678 2332 1916 2372 uspomene
1955 2332 1974 2359 s
2008 2319 2085 2358 do-

316 2386 485 2424 datkom
505 2385 645 2424 raznih
670 2386 797 2424 novih
824 2383 1073 2434 blagosova.
1095 2383 1131 2423 U
1157 2383 1290 2425 Rimu.
1313 2382 1437 2421 Tisak
1459 2394 1516 2421 sv.
1542 2381 1670 2420 sbora
1699 2381 1778 2430 „de
1803 2378 2083 2430 Propaganda

315 2445 413 2483 Fide
454 2446 601 2484 1893ss

457 2505 496 2542 In
531 2504 684 2542 fronte:
720 2503 1055 2552 Manuscriptum
1090 2498 1259 2542 Ritualis
1294 2500 1470 2541 Romani
1505 2494 1976 2539 Slavico-meridionali
2010 2496 2086 2535 idi-

317 2566 467 2609 omate,
504 2563 622 2612 quod
656 2563 880 2611 hucusque
916 2562 980 2600 bis
1003 2561 1110 2612 typis
1131 2558 1347 2609 vulgatum
1373 2563 1447 2607 est,
1472 2557 1631 2598 scilicet
1654 2559 1812 2600 Romae
1835 2568 1945 2596 anno
1976 2556 2084 2595 1640

316 2622 435 2672 (Typ.
462 2622 513 2660 de
550 2622 828 2671 Propaganda
854 2621 986 2668 Fide),
1012 2624 1050 2659 et
1073 2620 1258 2659 Venetiis
1280 2630 1391 2657 anno
1422 2620 1528 2657 1827
1555 2618 1676 2669 (Typ.
1702 2614 1938 2663 Andreoli),
1967 2615 2084 2654 hisce

317 2681 355 2718 in
390 2681 638 2729 regionibus
672 2693 693 2719 a
728 2680 920 2719 ducentis
954 2680 1072 2718 annis
1107 2682 1145 2717 et
1178 2676 1281 2717 ultra
1315 2678 1354 2716 in
1390 2689 1468 2716 usu
1504 2680 1576 2725 est,
1624 2677 1675 2715 ab
1722 2673 2085 2714 Examinatoribus

316 2752 336 2777 a
371 2740 508 2778 Nobis
543 2739 749 2789 deputatis
783 2740 965 2778 revisum
1001 2742 1039 2777 et
1072 2735 1270 2776 collatum
1304 2736 1378 2775 tuit
1410 2748 1506 2775 cum
1541 2734 1667 2775 latino
1703 2732 1848 2777 Rituali
1892 2734 2084 2775 Romano

315 2799 561 2846 novissimo,
582 2799 705 2848 eique
726 2799 892 2848 penitus
917 2797 1183 2836 concordare
1205 2799 1418 2845 repertum
1443 2799 1526 2843 est;
1561 2795 1721 2834 idcirco
1756 2793 1884 2833 fidem
1907 2792 2083 2831 facimus

315 2855 414 2895 nihil
450 2858 487 2895 in
523 2869 574 2895 eo
610 2858 848 2905 incurrisse,
895 2856 1014 2906 quod
1049 2855 1128 2895 sub
1165 2855 1410 2904 dogmatico
1445 2867 1493 2893 ac
1526 2852 1721 2903 liturgico
1757 2853 1905 2891 obtutu
1939 2851 2086 2890 adver—

319 2919 430 2954 setur
464 2917 647 2954 unanimi
681 2917 824 2955 sensui
859 2913 1104 2955 Catholicae
1138 2912 1366 2961 Ecclesiae,
1402 2914 1590 2963 ideoque
1623 2910 1723 2952 nihil
1759 2912 1941 2959 obstare,
1977 2921 2084 2959 quo—

321 2975 458 3013 minus
497 2974 647 3014 Sacrae
695 2974 1032 3023 Congregationi
1078 2973 1130 3012 de
1178 2973 1458 3022 Propaganda
1505 2972 1604 3011 Fide
1650 2971 1905 3021 praesentari
1950 2969 2085 3019 possit

318 3033 368 3071 ad
403 3031 650 3081 facultatem,
686 3037 728 3072 ut
760 3034 867 3084 typis
901 3032 1089 3071 mandari
1123 3030 1266 3079 valeat,
1293 3031 1580 3070 obtinendam.
1606 3031 1927 3070 Correctionem
1953 3039 2083 3078 porro

316 3092 663 3142 typographicam
699 3093 818 3133 Rmo.
856 3089 1014 3131 Carolo
1050 3091 1206 3140 Parcic,
1242 3090 1358 3129 istius
1391 3090 1443 3129 ad
1478 3089 1517 3129 S.
1544 3089 1791 3140 Hieronymi
1824 3086 2082 3140 Illyricorum
