2243 3444
383 310 428 344 20
988 310 1165 344 Fontes
1214 308 1471 353 Liturgiae

335 463 451 491 nunc
482 463 583 491 vero
618 450 805 490 maxima
838 463 886 490 ex
918 452 1040 501 parte
1071 450 1151 489 sub
1195 449 1327 501 impia
1359 449 1601 490 Turcarum
1650 450 1863 490 tirannide
1910 451 2121 502 gementis

337 507 689 548 schimaticorum
723 507 1009 553 orientalium,
1051 507 1366 558 haeresumque
1403 507 1808 558 septentrionalium
1840 508 2018 548 venenis
2048 521 2127 561 per

319 567 480 616 ‚partes
511 565 707 612 infectae,
740 578 819 616 pro
850 563 996 604 debito
1027 563 1172 604 Nostri
1204 563 1436 615 pastoralis
1470 563 1598 618 officij
1633 564 1970 606 necessitatibus
2001 565 2128 618 spiri-

335 622 524 663 tualibus
557 634 805 662 succurrere
836 621 1042 672 cogimur,
1075 624 1114 662 et
1147 621 1447 661 admonemur.

472 691 562 744 §L
605 691 836 742 Gregorius
882 688 981 730 XIII
1023 689 1218 730 fundavit
1263 689 1491 741 collegium
1537 689 1751 743 Illyricum
1801 691 1976 732 Laureti
2023 705 2126 742 pro-

334 748 534 788 ventibus
567 748 879 789 Sacrosanctae
912 748 1089 787 Domus.
1124 746 1234 787 Cum
1268 748 1416 799 itaque
1452 772 1496 776 —
1524 772 1570 776 —
1607 747 1841 800 Gregorius
1874 748 1995 801 Papa
2026 747 2125 790 XIII

340 830 381 834 —-
420 806 696 846 miseratione
727 808 873 846 tantae
906 805 1044 856 gentis
1073 804 1310 856 Collegium
1345 805 1594 857 illyricanae
1626 805 1860 846 iuventutis
1883 806 1925 846 in
1949 805 2143 847 civitate'

334 864 577 903 Lauretana
626 887 672 891 ——
701 886 740 892 —
788 862 1032 914 provincias
1070 862 1267 915 Illyricas,
1313 862 1537 913 presertim
1578 863 1810 904 littoralem
1859 863 2119 905 Dalmatiam

341 944 387 949 —-
414 943 455 950 -
494 920 548 961 ad
580 933 706 961 verae
738 920 909 972 pietatis
942 919 1086 960 media
1119 920 1370 960 excitaverit
1408 944 1450 950 ——
1470 944 1525 948 —

475 988 497 1041 ἓ
544 989 581 1028 0.).
630 988 870 1040 Collegium
918 988 1128 1041 Illyricum
1173 988 1345 1029 Laureti
1392 989 1642 1036 extinctum,
1685 988 1887 1030 Urbanus
1928 987 2026 1030 VIII
2068 989 2124 1030 de

336 1059 449 1086 novo
482 1046 585 1086 illud
617 1046 788 1086 Laureti
835 1046 988 1087 fundat
1029 1048 1070 1086 et
1114 1046 1247 1097 erigit.
1291 1045 1507 1086 Numerus
1554 1046 1832 1087 alumnorum
1880 1059 2122 1100 eorumque

335 1104 604 1144 sustentatio.
639 1103 899 1155 Disciplinae
923 1116 972 1144 ac
995 1103 1139 1144 studia
1161 1104 1450 1144 alumnorum.
1476 1103 1565 1144 Nos
1598 1127 1634 1133 -
1667 1127 1707 1132 —
1747 1104 1803 1145 ad
1839 1128 1886 1133 —
1911 1128 1959 1134 —
1993 1117 2119 1156 prae-

335 1161 506 1213 cipuam
538 1159 730 1212 Illyricae
774 1161 911 1210 gentis
960 1161 1142 1201 salutem
1186 1164 1226 1200 et
1258 1161 1538 1202 commodum
1583 1161 1625 1201 in
1659 1161 1831 1202 civitate
1873 1161 2121 1202 Lauretana

333 1218 526 1269 praefata
558 1218 719 1258 dictum
753 1218 1006 1270 Collegium,
1038 1216 1255 1272 Illyricum
1288 1218 1597 1270 appellandun.
1631 1219 1673 1258 in
1707 1232 1794 1271 quo
1828 1219 1869 1259 in
1892 1221 2122 1271 posterum

332 1275 452 1328 prior
494 1275 836 1316 adolescentium
880 1289 1099 1323 numerus,
1151 1276 1326 1327 triginta
1369 1289 1441 1316 sex
1490 1275 1688 1316 videlicet
1733 1301 1775 1305 —
1809 1301 1852 1306 —
1903 1276 1946 1317 in
1994 1276 2124 1317 bonis

334 1333 633 1374 ecciesiasticis
665 1334 871 1380 moribuS,
904 1346 982 1373 nec
1015 1346 1102 1373 non
1135 1333 1177 1373 in
1212 1334 1485 1385 gramaticae.
1530 1333 1848 1386 philosophiae,
1878 1336 1920 1374 et
1951 1334 2124 1375 theolo-

335 1390 440 1441 giae
474 1403 523 1431 ac
546 1404 766 1431 sacrorum
793 1404 1023 1438 canonum
1048 1391 1318 1443 aliarumque
1342 1391 1608 1439 facultatum
1633 1392 1911 1432 necessitates
1932 1390 2123 1444 Illyricas

336 1448 702 1498 concernentium,
736 1448 972 1500 disciplinis
1004 1461 1054 1488 ac
1085 1448 1239 1488 studiis
1272 1449 1423 1488 instrui
1463 1472 1593 1489 -—.

469 1516 505 1569 ξ.
539 1517 576 1557 3.
610 1517 880 1560 Distributio
914 1519 953 1557 et
987 1517 1447 1568 assignatiolocorum
1473 1517 1665 1570 ecclesus
1688 1516 1875 1569 illyr1cis
1908 1516 2123 1558 Nimirum

330 1576 377 1614 ut
409 1573 686 1626 Spalatensis‚
722 1575 1014 1626 Ragusiensis‚
1052 1575 1180 1615 Jadn
1186 1588 1233 1614 n
1239 1575 1284 1622 is
1310 1578 1350 1614 et
1372 1574 1687 1623 Antibarensis‚
1719 1575 1925 1616 ecclesiae
1957 1577 2119 1616 metro-

330 1631 562 1682 politanae,
606 1632 800 1682 singulae
842 1645 975 1672 unum
1009 1646 1182 1683 semper
1212 1633 1450 1680 alumnum,
1484 1646 1558 1672 seu
1592 1632 1745 1673 unicus
1777 1632 1941 1673 alumni
1975 1632 2120 1673 locum

331 1689 533 1729 habeant.
584 1689 791 1730 Similiter
833 1689 1139 1735 Sibenicensis,
1183 1689 1431 1742 Vegliensis.
1474 1690 1705 1731 pharensis
1738 1689 1827 1730 sive
1859 1689 2121 1736 LesinensiS‚

337 1746 628 1794 Ausserensis,
664 1747 1028 1799 Catharensisque
1061 1747 1252 1798 ecciesijs
1285 1748 1462 1798 singulis
1493 1747 1615 1787 locus
1648 1747 1776 1787 unius
1808 1746 1970 1788 alumni
2003 1760 2123 1787 com-

332 1805 462 1855 petat.
512 1827 552 1832 —
601 1803 796 1856 Denique
829 1804 1034 1844 ecclcsiae
1067 1803 1317 1844 Curzolensi
1352 1818 1448 1845 cum
1483 1804 1710 1856 Stagnensi
1757 1817 1892 1845 unum
1935 1805 2124 1845 alterna-

333 1861 437 1907 tim;
484 1861 784 1914 Traguriensis
819 1865 860 1901 et
893 1861 1106 1902 Nonensis
1141 1862 1302 1909 itidem,
1335 1862 1460 1903 sicuti
1500 1865 1540 1902 et
1573 1862 1782 1903 Arbensis
1815 1864 1857 1903 et
1889 1861 2122 1914 Segnensis

338 1931 470 1958 unum
503 1919 744 1959 alternatim
778 1919 941 1959 habere
974 1919 1174 1959 debeant.
1214 1943 1258 1948 —a
1286 1944 1333 1948 —

470 1986 506 2040 ξ.
529 1988 566 2027 4.
592 1987 636 2028 Si
659 1988 839 2040 praelati
862 1988 1127 2039 neglexeiint
1150 1989 1319 2028 mittere
1344 1989 1554 2037 alumnos,
1579 1988 1685 2041 quid
1703 1988 1981 2028 servandum.
1998 2009 2054 2017 -—-
2073 2011 2121 2017 —

472 2056 564 2107 §.5
571 2055 729 2105 Q.uid
760 2056 977 2108 agendum
1009 2070 1105 2097 cum
1139 2057 1442 2109 praesentibus
1475 2056 1671 2097 alumnis.
1712 2080 1754 2085 ——
1781 2080 1829 2085 —

471 2124 506 2176 ξ.
541 2126 578 2165 6
616 2123 773 2165 Modus
806 2124 1063 2165 admittendi
1108 2125 1318 2165 Alumnos
1357 2127 1412 2166 ad
1453 2125 1705 2176 Collegium.
1756 2125 1809 2165 Ut
1851 2127 1996 2165 autem
2043 2124 2122 2166 ad-

333 2143 492 2220 missiob
514 2184 554 2222 et
587 2182 775 2234 receptio
826 2182 1088 2223 directomm
1134 2182 1409 2223 alumnorum
1455 2183 1603 2223 debito
1637 2182 1790 2222 ordine
1820 2182 2045 2234 procedat,
2077 2185 2126 2222 ut

333 2251 460 2278 nemo
494 2238 602 2279 intra
627 2252 774 2279 eorum
798 2252 1025 2280 numerum
1051 2240 1091 2280 in
1114 2240 1310 2290 praefato
1336 2240 1517 2288 collegio
1551 2242 1814 2292 acceptetur,
1838 2240 1910 2292 qui
1934 2263 1980 2268 —-
2007 2263 2050 2268 -
2076 2264 2123 2268 -

333 2296 583 2347 parentibus
607 2296 778 2349 illyricis
800 2295 1082 2350 Illyricaeque
1116 2298 1300 2347 linguae,
1325 2301 1366 2338 et
1388 2297 1419 2338 si
1445 2298 1535 2338 fieri
1559 2297 1733 2350 poterit,
1767 2297 2125 2349 litteraturaeque

335 2365 511 2405 quoque
543 2354 730 2405 illyricae
754 2355 916 2405 peritus
951 2379 997 2383 —
1026 2379 1066 2384 —
1105 2355 1159 2395 ad
1195 2355 1391 2396 effectum
1418 2358 1463 2395 ut
1487 2355 1645 2396 euadat
1677 2354 1791 2395 utilis
1824 2354 2049 2407 operarius
2082 2354 2125 2394 in

335 2410 501 2450 cultura
532 2408 781 2461 illyricanae
815 2412 1033 2452 ecciesiae
1070 2436 1117 2441 —
1143 2436 1189 2440 —

472 2467 628 2507 Datum
662 2468 831 2509 Romae
863 2469 981 2520 apud
1012 2470 1054 2510 S.
1079 2469 1255 2510 Mariam
1290 2469 1499 2519 Majorein
1532 2482 1648 2509 anno
1680 2493 1736 2496 —
1771 2469 1894 2517 16927,
1924 2467 2121 2509 kalendis

334 2523 461 2573 Iunii,
496 2523 775 2565 pontificatus
807 2526 952 2567 Nostri
984 2540 1099 2567 anno
1133 2529 1331 2578 quarto‘st

470 2614 643 2648 Theine1.
671 2615 770 2649 Mon.
800 2616 1001 2651 Slavotnm
1031 2617 1350 2660 Melidionaiium,
1378 2617 1425 2657 IL
1455 2616 1643 2650 124—128.

873 2803 940 2841 63.
972 2804 1099 2850 1627,
1135 2801 1299 2854 Svetice,
1334 2801 1586 2855 Zayrabien.

477 2926 653 2973 „Petrus
686 2927 981 2967 immin-ovich
1016 2928 1245 2980 episcopus
1279 2928 1592 2979 Zagrabiensis,
1626 2941 1713 2980 qua
1740 2929 1859 2968 tutor
1880 2926 2047 2968 Nicolai
2082 2928 2125 2967 et
2187 2915 2214 2996 ’ἵ

335 2982 450 3023 Petri
484 2983 631 3032 Zrinii,
663 2996 777 3024 anno
816 2985 917 3025 1627
964 2986 1255 3026 ecclesiastico
1300 2986 1370 3026 ilio
1411 2985 1626 3026 beneficio
1658 2985 1788 3038 (idest
1821 2984 2122 3036 glagoiitaruin

337 3040 378 3079 in
412 3040 614 3093 Svetice)‚
649 3054 697 3080 ex
730 3041 1025 3082 tutellatorum
1057 3043 1300 3084 substantia
1338 3043 1545 3084 Paulinos
1578 3043 1621 3083 in
1651 3042 1847 3083 Sveticze
1877 3041 2146 3099 fundavit‘st·
2183 3092 2212 3111 w

474 3129 633 3163 ihcoli&
661 3130 828 3164 Notitiae
855 3132 1155 3176 praeliminares
1182 3133 1250 3167 Ms-
1278 3133 1410 3167 XVIII
1445 3145 1474 3167 s.
1501 3132 1524 3166 f
1550 3134 1634 3176 325;
1671 3131 1748 3167 Cfr.
1775 3131 1942 3175 Tkalcic,
1969 3131 2127 3166 Slaven-

339 3175 407 3209 sko
433 3175 509 3218 bofr
484 3175 658 3221 gosiuzje
684 3188 706 3208 u
734 3176 957 3222 Hlvatskoi
984 3178 1196 3223 Zagrabiae
1223 3179 1322 3216 1904
1347 3178 1401 3212 87
