2243 3444
392 309 437 344 64
998 309 1183 344 Fontes
1231 309 1491 354 Liturgiae

344 452 432 491 tem
465 463 516 491 ex
559 449 795 502 improviso
841 448 982 496 adeat,
1027 448 1316 500 observetque
1357 460 1501 488 mores
1545 448 1962 498 Ecclesiasticorum‚
1994 448 2142 490 Eccle-

345 508 506 549 siarum
540 507 715 554 cultum,
748 506 990 547 animarum
1011 505 1217 557 regimen,
1249 505 1633 546 Sacramentorum
1656 505 2076 547 administrationem
2100 509 2143 547 et

348 567 529 613 caetera,
549 577 633 617 que
650 564 768 604 hisce
786 563 958 610 nostris,
978 566 1019 603 et
1035 563 1256 603 Ponzonis
1282 561 1630 603 Constitionibus
1654 563 1994 616 praecipiuntur.
2017 587 2064 593 —
2091 588 2137 593 ——

481 622 547 663 29.
580 622 771 675 Hujusce
804 620 968 673 capitis,
1018 623 1059 661 et
1101 621 1376 661 decretorum
1419 621 1768 672 praedecessoris
1810 621 2023 661 Ponzonii
2056 620 2138 662 Sa-

345 679 544 720 cerdotes
577 692 739 727 omneS,
772 680 813 718 et
858 677 1007 718 Clerici
1050 676 1205 729 Illyrici
1238 678 1460 730 exemplar
1500 691 1525 719 a
1557 677 1707 726 Nobis,
1739 679 1806 719 vel
1838 678 2009 719 Vicario
2053 678 2136 719 Fo-

343 750 476 778 raneo
509 736 815 788 subscriptum,
848 735 989 787 spatio
1033 735 1162 775 trium
1208 735 1435 785 mensium,
1477 735 1717 785 efforment,
1767 738 1899 788 atque
1943 735 2062 788 apud
2093 748 2140 777 se

343 795 572 843 retineant,
604 793 683 834 sub
714 805 860 845 poena
891 792 1191 845 suspensionis
1221 805 1300 844 per
1343 795 1429 833 tres
1462 806 1633 834 menses
1668 793 1991 843 Sacerdotibus,
2023 792 2140 834 aliis-

345 865 429 904 que
460 851 614 904 poenis
649 850 826 891 Clericis
858 849 1135 891 inferioribus
1167 849 1456 902 infligendis.“

479 942 786 976 Constitutiones
813 940 957 986 Synodi
987 940 1239 975 dioecesanae
1260 941 1499 986 Spalatensis
1517 953 1617 975 anno
1647 941 1734 975 1688
1758 941 1935 985 habitam
1962 952 1984 975 a
2003 940 2134 986 Steph.

342 988 485 1080 gcgsnsso
501 988 662 1068 Giga—‘c-aixliii
688 988 777 1021 1690
801 988 976 1033 primumg
1003 987 1140 1022 deinde
1167 991 1326 1022 curante
1352 987 1395 1022 P.
1420 987 1583 1033 Manger
1608 988 1750 1022 iterum
1777 987 1924 1033 Spalati
1948 987 2038 1021 1873
2055 987 2132 1022 edi-

562 1164 665 1203 226.
699 1163 828 1210 1689,
861 1162 905 1202 in
937 1161 1061 1202 terris
1100 1159 1358 1202 Carantanis
1388 1160 1580 1203 Labacen
1611 1165 1648 1202 et
1688 1161 1922 1215 Aquilejm.

479 1255 541 1295 De
562 1268 640 1295 usu
663 1254 822 1307 vigenti
854 1253 1052 1306 liturgiae
1085 1253 1554 1306 Glagolito-Romanae
1585 1254 1628 1295 in
1651 1253 1892 1296 Labacensi
1925 1256 1966 1295 et
1998 1253 2137 1307 Aqui-

340 1324 487 1378 lejensi
520 1324 707 1365 dioecesi
740 1324 768 1365 I.
798 1323 863 1364 W.
902 1323 1145 1364 Valvasoris
1177 1323 1489 1364 testimonium.
1884 1324 1886 1327 ’

481 1416 582 1466 „Mit
613 1416 722 1456 eben
756 1416 903 1456 diesen
937 1415 1274 1467 Glagolitischen
1307 1415 1471 1457 Littern
1502 1415 1557 1456 ist
1590 1415 1825 1468 gleichfalls
1858 1415 1935 1456 das
1964 1413 2135 1455 Missale

341 1474 467 1526 (oder
498 1473 773 1525 Mess-Buch)
808 1473 1030 1525 gedruckt‚
1064 1474 1223 1514 daraus
1247 1473 1317 1513 die
1341 1473 1603 1514 Geistlichen
1636 1474 1774 1514 Messe
1806 1473 1936 1522 lesen,
1968 1472 2134 1513 welche

340 1531 526 1572 Missalia
560 1531 888 1583 Glagolitischer
921 1530 1079 1572 Schrift
1124 1531 1295 1585 anjetzo
1330 1544 1381 1571 zu
1414 1531 1529 1572 Rom
1562 1532 1770 1582 gedruckt
1801 1530 1996 1576 werdem
2045 1530 2137 1570 und

341 1589 488 1630 solche
519 1589 704 1630 braucht
747 1601 847 1629 man
877 1589 991 1629 noch
1024 1589 1101 1629 auf
1129 1588 1247 1629 diese
1280 1588 1446 1629 Stunde
1490 1590 1532 1629 in
1565 1588 1694 1629 Crain
1728 1602 1783 1630 an
1815 1588 1953 1629 vielen
1987 1588 2135 1638 Orten,

343 1647 398 1687 da
429 1660 530 1687 man
556 1647 625 1687 die
649 1646 948 1687 Crainerische
981 1646 1087 1687 oder
1115 1646 1423 1687 Sclavonische
1456 1647 1593 1687 Messe
1628 1647 1729 1701 (will
1751 1659 1883 1698 sagen
1907 1646 1976 1687 die
1997 1645 2135 1686 Messe

338 1704 382 1744 in
415 1704 1050 1745 Crainerisch-Sclavonischer*
1077 1703 1288 1756 Sprache)
1332 1704 1465 1745 lieset.
1514 1705 1610 1745 Wie
1643 1704 1812 1746 solches
1855 1704 1992 1745 durch
2040 1703 2136 1744 eine

345 1761 593 1814 Papstliche
615 1762 710 1802 Bull
732 1762 920 1803 vormals
954 1761 1068 1815 (ums
1089 1762 1193 1802 Jahr
1217 1762 1331 1803 Chri.
1357 1762 1458 1813 870)
1492 1763 1743 1814 zugelassen
1776 1761 1968 1808 worden,
1999 1760 2135 1802 nach-

340 1819 436 1859 dem
471 1820 660 1860 dariiber
692 1819 831 1871 einige
864 1819 1151 1871 Streittigheit
1184 1820 1397 1861 zwischen
1421 1819 1649 1869 Aldevino,
1680 1818 2052 1861 Ertz-Bischoffen
2082 1831 2135 1859 zu

340 1877 581 1929 Saltzburg,
628 1877 709 1917 wie
742 1877 854 1918 auch
887 1878 970 1918 den
1005 1877 1281 1918 Windischer
1324 1877 1520 1918 Bischoff
1556 1878 1830 1919 Reichboldo
1864 1877 1995 1925 eines,
2041 1876 2133 1917 und

341 1934 438 1975 dem
471 1935 523 1975 H.
547 1935 770 1976 Methodio
794 1935 882 1975 und
907 1936 1006 1976 dem
1029 1935 1221 1976 anderen
1245 1934 1527 1976 Windischen
1560 1935 1756 1977 Bischoff
1775 1934 1931 1988 Cyrillo
1964 1934 2132 1976 andren

338 1992 482 2032 Theils
514 1993 606 2033 sich
629 1993 833 2042 erhaben‚
868 1992 1011 2033 davon
1035 1993 1113 2033 soll
1135 1993 1330 2034 hernach
1352 1993 1434 2046 bey
1457 1993 1533 2034 der
1554 1991 2134 2046 Religions-Beschreibung

339 2050 679 2091 umst'andlicher
709 2050 881 2091 Bericht
915 2050 1145 2103 erfolgen.“

474 2140 502 2175 Ι.
529 2141 588 2176 W.
615 2153 691 2175 von
716 2141 915 2185 Valvasor‚
945 2142 1018 2177 Die
1043 2142 1145 2177 Ehre
1172 2142 1239 2177 des
1264 2142 1555 2189 Herzogthums
1581 2143 1712 2186 Krain,
1738 2142 1793 2177 VI
1817 2142 1927 2181 Buch
1952 2142 2037 2177 Von
2062 2141 2130 2176 der

338 2185 893 2275 1053}inefflsggzffclavonischer
920 2188 1098 2234 Sprache,
1125 2189 1214 2234 Cap.
1238 2188 1267 2231 I,
1292 2189 1684 2235 Laibach-Niirnberg
1711 2188 1816 2233 1689;
1842 2187 2130 2223 Rudolfswerth

972 2365 1077 2405 227.
1112 2366 1241 2413 1690,
1275 2363 1498 2417 Zayrabie.

477 2453 679 2507 Synodus
712 2454 973 2497 dioecesana
1006 2457 1309 2509 Zagrabiensis
1333 2456 1413 2497 sub
1438 2457 1644 2510 episcopo
1677 2456 1851 2497 Mikulic
1883 2454 2123 2497 celebrata:

345 2524 415 2571 „ut
448 2525 488 2563 et
520 2522 861 2565 Sacramentalia
893 2538 943 2566 ac
976 2526 1060 2567 alia
1083 2526 1230 2568 omnia
1253 2526 1559 2567 ceremonialia
1576 2526 1700 2580 juxta
1729 2525 1879 2567 Ritum
1911 2524 2128 2566 Ecclesiae

341 2591 566 2632 Romanae
597 2596 844 2645 peragent.“

476 2682 638 2719 'skalt-ise,
665 2683 876 2719 Slavensko
902 2683 1128 2731 bogosluije
1155 2697 1180 2719 u
1206 2685 1432 2731 Hrvatskoj,
1458 2685 1671 2731 Zagrabiae
1698 2684 1796 2727 1904,
1821 2684 1876 2719 89.

836 2813 940 2853 228.
973 2814 1096 2863 1691,
1129 2814 1155 2853 5
1185 2812 1312 2853 Juniz·
1342 2812 1617 2866 Justz‘nopoli.

479 2900 639 2942 Paulus
672 2902 843 2944 Naldini
867 2904 1098 2957 episcopus
1120 2905 1512 2958 Justinopolitanus
1545 2905 1587 2945 in
1610 2905 1818 2946 relatione
1853 2905 2123 2947 Visitationis

342 2970 397 3010 ad
429 2968 597 3011 Limina
626 2971 939 3023 Apostolorum
972 2973 1012 3014 S.
1048 2972 1394 3026 Congregatione
1434 2973 1616 3015 Concilii
1640 2974 1694 3015 de
1725 2976 1840 3016 statu
1873 2975 2126 3017 dioeceseos

344 3038 569 3080 certiorem
602 3039 802 3091 reddens,
835 3042 1000 3086 refert:

484 3119 616 3168 „Cum
661 3121 774 3161 enim
818 3122 985 3163 incolae
1030 3123 1245 3175 plebrium
1296 3117 1520 3164 neralium'
1556 3123 1643 3165 fere
1686 3137 1836 3165 omnes
1890 3125 2127 3178 loquantur

338 3175 494 3218 Illirica
544 3177 703 3230 lingua,
759 3181 800 3219 et
849 3180 1118 3231 parochialia
1170 3181 1385 3222 beneficia
1436 3194 1522 3222 non
1570 3194 1669 3222 sens
1715 3195 1765 3222 ac
1817 3182 1995 3234 reliqua,
2041 3183 2126 3223 sint
