2243 3444
385 295 430 335 70
1001 291 1182 334 Fontes
1230 290 1493 344 Liturgiae

341 455 469 484 rozza
511 441 563 482 ed
597 441 810 482 entratovi
858 453 953 480 esso
988 452 1009 480 e
1040 439 1068 480 li
1102 439 1312 481 Cittadini
1358 439 1480 492 Luigi
1525 438 1694 491 Especo
1729 451 1751 479 e
1784 437 1905 480 Giov:
1949 439 2134 481 Battista

338 500 442 540 Rasi
475 512 557 540 con
589 512 658 539 me
690 498 868 538 Not-aro.
903 500 925 538 9
957 499 1070 538 51310
1103 500 1369 550 trasportato
1402 497 1486 538 3113
1517 496 1722 537 suddetta
1757 496 1801 535 V.
1827 495 1984 538 Chiesa
2016 496 2060 537 di
2087 496 2131 538 S.

340 558 476 598 Maria
508 558 549 596 in
582 556 813 604 ἶ11311199113,
857 568 879 595 9
911 555 954 595 111
986 555 1206 595 rinchiuso
1242 558 1363 596 entro
1410 555 1434 595 1’
1451 556 1586 596 311319
1619 554 1760 594 vicino
1793 553 1877 595 alla
1909 567 2033 595 cassa
2063 554 2133 595 del

343 614 488 667 Corpo
524 615 566 654 di
599 614 642 654 S.
674 613 844 666 Filippo
879 612 992 653 Neri.
1041 611 1128 654 Ora
1175 626 1261 653 ecc.
1308 626 1397 654 non
1429 613 1523 653 solo
1571 623 1657 652 ecc.
1706 612 1899 664 presenti
1940 611 2133 653 suddetti

341 672 573 713 testimoni.
1122 675 1125 677 ’

478 761 831 805 Bartolini-Danilo,
860 760 966 795 Sveti
993 750 1110 796 Cirflo
1136 761 1149 794 i
1173 760 1316 805 Met0d‚
1342 761 1485 796 Jadrae
1511 761 1611 806 1885,
1638 761 1714 796 126.

845 879 942 918 124.
975 879 1106 928 1798,
1138 881 1193 918 17
1225 879 1422 931 Auyusti,
1453 878 1621 920 Romae.

472 971 706 1012 Restitutio
738 970 1020 1023 reliquiarum
1044 970 1122 1011 SS.
1147 971 1290 1023 Cyrilli
1313 973 1355 1012 et
1376 971 1587 1012 Methodii
1611 984 1663 1012 ex
1685 972 1867 1013 ecclesia
1900 971 1942 1012 S.
1966 971 2130 1013 Mariae

343 1041 384 1081 111
416 1041 633 1081 Vallicella
666 1040 766 1094 (Cfr.
798 1040 848 1080 N.
872 1039 967 1093 123)
1000 1041 1042 1080 in
1074 1041 1307 1093 pristinum
1341 1041 1636 1082 conditorium
1669 1041 1710 1081 in
1744 1041 1925 1082 ecclesia
1957 1040 2002 1081 S.
2036 1040 2134 1082 Cle·
2192 1063 2195 1067 >

336 1111 505 1151 mentis.

474 1203 510 1242 A
543 1202 586 1242 di
620 1202 671 1243 27
706 1202 872 1254 Agosto
909 1202 1028 1243 1798.

472 1272 568 1312 Alla
599 1284 810 1324 presenza
842 1271 910 1312 del
943 1270 1166 1312 Cittadino
1201 1271 1381 1313 Saverio
1405 1272 1575 1313 Passeri
1606 1272 1887 1324 Vicegerente
1910 1271 1953 1312 di
1975 1272 2131 1320 Roma,

337 1343 359 1369 e
389 1330 456 1370 del
491 1329 618 1370 Citt.o
655 1329 894 1369 Gioachino
930 1328 1113 1370 Giacinti
1146 1343 1226 1371 suo
1260 1329 1506 1382 Segretario
1541 1343 1562 1370 e
1585 1330 1806 1371 testimoni
1838 1330 2088 1371 infrascritti
2111 1342 2134 1369 e

339 1387 437 1428 delli
474 1386 590 1427 Citt.i
634 1386 813 1427 Saverio
850 1388 1047 1438 Agostini
1095 1387 1361 1440 Sagrestano
1408 1388 1632 1440 maggiore
1673 1388 1786 1428 della
1817 1387 1864 1427 V.
1899 1387 2058 1428 Chiesa
2090 1387 2134 1427 di
2202 1424 2207 1428 .

336 1444 378 1486 S.
407 1445 490 1485 Ma
522 1445 565 1484 in
598 1444 814 1485 Vallicella
837 1457 859 1485 e
887 1445 979 1485 Gio:
1012 1445 1154 1486 Batt.a
1184 1446 1302 1494 Rasi,
1336 1445 1380 1486 fu
1412 1449 1563 1498 aperto
1586 1445 1613 1485 il
1635 1459 1741 1486 vaso
1774 1446 1984 1486 ritrovato
2017 1444 2132 1486 nella

336 1503 480 1542 chiesa
513 1502 557 1542 di
590 1501 632 1541 S.
667 1501 902 1547 Clemente,
935 1515 957 1542 e
990 1504 1255 1555 trasportato
1290 1505 1332 1543 in
1366 1504 1436 1544 d.a
1470 1503 1626 1544 Chiesa
1659 1503 1702 1544 di
1735 1502 1777 1543 S.
1810 1503 1895 1544 M.a
1926 1503 1970 1543 in
2001 1502 2132 1544 Valli-

336 1560 454 1607 cella,
488 1559 714 1613 conforme
742 1560 970 1612 apparisce
1002 1560 1072 1600 dal
1104 1560 1265 1611 Rogito
1289 1561 1333 1601 di
1356 1562 1413 1602 tal
1446 1573 1665 1612 consegna
1697 1563 1850 1613 rogato
1884 1560 1912 1601 il
1937 1560 1988 1601 18
2012 1561 2131 1612 Ago-

336 1620 415 1663 sto,
448 1617 487 1658 al
520 1618 646 1670 quale
679 1630 764 1657 ecc.
795 1617 848 1658 ed
879 1618 1071 1669 apertosi
1103 1618 1129 1657 il
1163 1618 1282 1659 detto
1315 1632 1419 1659 vaso
1455 1632 1477 1658 e
1499 1618 1808 1666 riconosciuto,
1840 1617 1882 1658 vi
1913 1617 1957 1659 fu
1989 1630 2132 1658 messa

336 1688 467 1727 sopra
500 1688 587 1716 una
618 1675 749 1715 lastra
783 1675 825 1715 di
857 1676 1038 1727 piombo
1073 1688 1094 1715 e
1127 1676 1297 1716 furonvi
1329 1677 1443 1728 posti
1476 1677 1489 1716 i
1522 1676 1647 1728 sigilli
1679 1676 1723 1716 di
1753 1676 1949 1728 piombo.
1982 1675 2035 1716 Di
2057 1675 2134 1728 poi

337 1736 488 1785 queste
522 1732 598 1773 SS.
631 1732 832 1785 Reliquie
860 1733 1016 1773 turono
1050 1733 1263 1773 restituite
1295 1734 1378 1774 alla
1411 1734 1530 1774 detta
1564 1733 1722 1775 Chiesa
1754 1733 1796 1774 di
1827 1732 1869 1773 S.
1894 1732 2131 1781 Clemente,
2192 1715 2223 1770 ,ἱ

337 1804 359 1829 9
390 1791 554 1842 riposte
587 1790 699 1830 nello
733 1794 870 1831 stesso
904 1791 1052 1839 altare,
1089 1803 1175 1832 ecc.
1209 1804 1295 1832 ecc.

472 1881 829 1923 Bartolini-Danilo,
856 1880 963 1915 Sveti
989 1871 1105 1915 Cirilo
1132 1881 1144 1914 i
1169 1880 1312 1927 Metod,
1339 1882 1483 1917 Jadrae
1510 1882 1609 1925 1885,
1635 1883 1701 1916 126
1715 1894 1743 1917 s.

981 1999 1075 2039 125.
1116 2000 1245 2048 1800,
1287 1998 1480 2040 Veneriis.

475 2092 585 2132 Usus
618 2092 788 2143 linguae
821 2091 1007 2132 slavicae
1039 2091 1083 2131 in
1115 2091 1305 2132 dioecesi
1337 2092 1574 2144 Ragusina.

478 2186 598 2233 „Quo
631 2184 686 2225 ad
720 2183 957 2235 Liturgiam
1003 2183 1171 2231 attinet,
1221 2196 1307 2236 qua
1353 2184 1490 2224 utitur
1536 2183 1729 2225 Ecclesia
1774 2183 2056 2236 Ragusiensis
2088 2183 2133 2224 in

337 2241 468 2281 sacris
510 2242 736 2294 mysteriis.
785 2254 835 2281 ea
868 2240 1046 2292 quidem
1087 2241 1290 2281 Romana
1323 2243 1388 2281 est
1418 2241 1506 2281 1919
1549 2242 1741 2289 omnino,
1789 2244 1832 2282 et
1862 2242 1906 2282 in
1937 2241 1989 2282 iis
2022 2241 2132 2282 cele-

336 2299 514 2338 brandis
545 2299 691 2350 lingua
724 2299 876 2339 Latina
908 2301 1104 2338 servatur
1135 2299 1190 2338 ab
1224 2298 1549 2351 antiquissimis,
1598 2303 1644 2339 ut
1674 2299 1829 2347 ferunt,
1864 2299 1965 2340 inde
1992 2311 2132 2352 usque

336 2357 629 2408 temporibus:
664 2357 843 2407 Ragusii
876 2356 1044 2396 veroin
1068 2356 1335 2408 quibusdam
1366 2356 1585 2402 Ecclesiis,
1617 2357 1877 2408 praesertim
1909 2369 2132 2397 sacrarum

338 2413 572 2464 Virginum,
604 2414 850 2466 psalmodia
873 2414 1078 2453 solemnis
1099 2413 1405 2465 pomeridiana
1427 2413 1602 2466 Majoris
1623 2414 1944 2455 Hebdomadae
1965 2413 2131 2467 Illyrico

337 2484 536 2511 sermone
569 2471 824 2517 concinitur,
858 2483 998 2523 eoque
1022 2471 1153 2511 etiam
1176 2471 1420 2523 descriptae
1444 2471 1646 2522 leguntur
1673 2472 1724 2512 iis
1747 2472 1903 2512 diebus
1933 2471 2132 2522 Evange-

338 2528 443 2567 licae
466 2528 684 2568 Historiae
707 2528 962 2568 Dominicae
983 2528 1228 2574 Passionis;
1263 2541 1395 2580 quam
1428 2529 1788 2569 consuetudinem
1811 2529 1998 2569 retinent
2021 2528 2132 2569 aliae

336 2589 455 2625 extra
476 2587 625 2626 urbem
649 2586 867 2638 principes
890 2586 1119 2633 Ecclesiae,
1143 2588 1185 2626 et
1206 2585 1443 2626 Paroeciae
1465 2586 1689 2638 Ragusino
1713 2586 2127 2638 Archiepiscopatui

336 2643 568 2695 subjectae.
617 2643 801 2683 Paroclii
833 2646 980 2683 autem
1012 2643 1190 2694 singulis
1223 2643 1378 2684 diebus
1421 2644 1540 2683 195115
1572 2644 1788 2696 Epistolas
1821 2647 1862 2684 et
1893 2643 2131 2696 Evangelia

337 2700 378 2739 in
411 2712 632 2740 sacrorum
667 2701 959 2740 celebratione
993 2700 1145 2740 Latino
1179 2701 1382 2752 primum,
1417 2701 1575 2741 deinde
1598 2701 1763 2753 Illyrico
1786 2701 1998 2742 idiomate
2020 2700 2130 2741 reci-

335 2760 426 2796 tare
452 2757 625 2808 publice
648 2760 965 2804 consuescunt3
1000 2761 1041 2797 et
1063 2757 1296 2798 Slavonica
1317 2758 1465 2809 lingua
1486 2760 1681 2805 utuntur,
1715 2771 1810 2798 cum
1834 2758 2128 2810 Baptismatis,

336 2814 564 2855 Extremae
595 2814 832 2863 Unctionis,
867 2818 908 2855 et
940 2815 1237 2856 Eucharistiae
1269 2817 1541 2855 sacramenta
1573 2815 1812 2864 conferunt,
1856 2829 1943 2868 quo
1975 2815 2130 2868 populi

337 2871 443 2911 fides
476 2875 515 2911 et
547 2872 685 2923 pictas
722 2873 814 2924 ipsa
845 2873 1079 2912 verborum
1112 2872 1393 2924 intelligentia
1424 2873 1562 2924 magis
1594 2876 1848 2925 augeatur“.

474 2961 770 3004 Farlati-Coleti,
797 2962 994 3007 Illyricum
1022 2962 1190 3005 Sacrum,
1215 2962 1280 3005 VI,
1306 2962 1480 2997 Yenetiis
1508 2963 1606 3005 1800,
1630 2963 1684 2996 29.

932 3080 1030 3119 126.
1065 3077 1246 3118 XVIII
1269 3091 1316 3128 s.,
1349 3078 1533 3119 Brunae.

476 3169 725 3222 Capitulum
771 3171 994 3211 Brunense
1036 3171 1302 3211 monasterio
1336 3170 1512 3212 Ordinis
1545 3170 1588 3211 S.
1616 3171 1840 3213 Benedicti
1872 3171 2128 3226 Rayhrade-

2165 1290 2185 1297 ἢ
2196 1283 2199 1286 .
