2191 3434
629 284 1407 327 Glagolito-Romanaexlx.s.
1769 287 1832 320 165

107 429 567 482 Glagolito-Romanae
602 431 826 480 petitiones
861 429 900 469 S.
925 429 1024 469 Sedi
1059 430 1293 479 porrigent,
1329 431 1563 479 episcopos
1599 429 1880 469 Cisleithanos

105 503 256 550 invitat,
291 505 333 541 ut
367 503 483 541 clero
519 514 599 541 suo
634 514 655 540 a
688 500 755 540 tali
791 501 1019 551 agitatione
1054 501 1265 548 abstineri,
1302 502 1402 550 quin
1427 502 1556 540 immo
1593 501 1730 540 eidem
1768 501 1880 540 obsi-

104 578 213 614 stere
248 574 438 613 suadant.

246 631 353 675 Juxta
382 630 669 665 adnotationem
701 629 825 664 Caroli
855 628 993 664 Pareic.
1040 647 1047 654 ·

607 750 698 793 IOO
716 763 750 792 e.
790 751 927 801 1887,
961 748 1395 791 Parentin.-P0len.

246 848 432 898 joannes
467 848 646 898 Baptista
680 846 809 898 Flapp
845 848 1079 897 episcopus
1114 844 1536 885 Parentin.-Poiensis
1570 857 1740 885 normas
1775 843 1883 883 litur-

104 920 221 970 gicas
271 920 310 958 in
354 931 428 959 sua
476 919 665 958 dioecesi
714 919 1005 958 observandas
1058 918 1373 968 praescribens,
1428 915 1585 967 duplici
1637 917 1882 966 supposito:

106 991 225 1041 quod
261 1003 364 1030 usus
398 988 571 1040 linguae
607 991 1034 1040 croaticae-vulgaris
1069 991 1108 1028 in
1144 988 1289 1031 Rituali
1318 991 1511 1032 Romano
1536 1002 1622 1028 non
1649 1001 1698 1028 ex
1722 986 1883 1027 indulto

105 1062 143 1101 S.
170 1062 292 1102 Sedis
327 1062 417 1109 (etr.
444 1062 549 1102 XVII
583 1074 614 1101 s.
642 1062 692 1100 N.
722 1062 820 1108 109)
855 1062 931 1100 sed
959 1074 1008 1100 ex
1033 1062 1169 1100 abusu
1197 1065 1354 1100 tantum
1380 1061 1576 1100 inductus
1600 1061 1661 1107 sit,
1698 1064 1735 1099 et
1766 1060 1884 1109 quod

104 1135 169 1173 ius
214 1132 384 1184 linguae
432 1131 768 1184 palaeoslavicae
816 1134 854 1172 in
902 1134 1028 1173 missa
1075 1131 1256 1183 amplius
1291 1134 1329 1172 in
1365 1133 1513 1172 eadem
1562 1132 1750 1171 dioecesi
1798 1143 1883 1170 non

104 1206 253 1256 vigeat,
287 1205 430 1253 fretus,
467 1206 687 1255 utriusque
723 1217 846 1244 usum
882 1206 1148 1244 severissime
1184 1204 1402 1244 interdicit.

249 1275 476 1316 Sancita
527 1277 808 1326 quaedam
859 1274 1273 1315 ecclesiastica
1323 1280 1370 1315 et
1418 1276 1773 1314 dioecesana
1824 1274 1883 1313 ab

106 1336 402 1385 omnibus,
455 1336 517 1375 ad
568 1348 712 1386 quos
767 1337 1041 1386 pertinet,
1099 1336 1163 1375 de
1214 1336 1555 1374 obedientia
1611 1334 1884 1373 canonica

105 1396 549 1435 conscientiose
585 1396 964 1436 observanda.

677 1505 750 1544 De
787 1503 983 1554 lingua
1020 1502 1305 1553 liturgica.

248 1587 302 1625 Ea
338 1584 479 1636 lingua
514 1586 749 1637 appellatur
779 1586 984 1637 liturgica,
1020 1599 1128 1637 quae
1164 1588 1201 1625 in
1238 1584 1443 1626 catholica
1470 1585 1649 1634 Liturgia
1684 1585 1736 1623 de
1772 1596 1885 1622 man-

105 1646 203 1685 dato
250 1650 318 1685 aut
363 1648 573 1696 permissu
609 1646 648 1686 S.
673 1647 796 1686 Sedis
835 1648 1027 1686 adhiberi
1063 1650 1215 1696 potest.
1263 1646 1327 1685 Ad
1363 1646 1588 1694 Liturgiam
1636 1642 1884 1683 catholicam

105 1717 205 1745 vero
241 1704 334 1745 illae
368 1705 608 1746 functiones
652 1719 795 1746 sacrae
837 1708 1045 1756 pertinent
1080 1718 1257 1756 quarum
1294 1706 1523 1754 descriptio
1559 1705 1644 1742 sive
1678 1701 1884 1742 formulae

106 1766 367 1816 precatoriae
403 1767 442 1804 in
479 1766 594 1806 libris
629 1767 832 1816 liturgicis
856 1766 1069 1807 Romanae
1105 1765 1143 1805 S.
1169 1765 1291 1804 Sedis
1325 1765 1566 1804 auctoritate
1602 1763 1721 1802 editis
1756 1763 1886 1801 conti-

105 1829 266 1864 neatur.
301 1823 423 1864 Tales
459 1830 596 1865 autem
633 1825 723 1865 libri
760 1824 938 1876 liturgici
974 1829 1088 1865 sunt:
1131 1824 1315 1870 Missale,
1352 1823 1524 1870 Rituale,
1560 1823 1813 1861 Breviarium
1849 1826 1887 1860 et

108 1883 352 1924 Pontificale
388 1888 426 1923 et
460 1883 783 1925 Caeremoniale
819 1886 1147 1935 Episcoporum.

250 1945 504 1983 Functiones
538 1957 681 1984 sacrae
718 1946 872 1995 piaque
907 1943 983 1984 alia
1019 1945 1225 1991 exercitia,
1262 1955 1370 1993 quae
1394 1943 1444 1981 ab
1468 1942 1532 1981 his
1567 1942 1682 1980 libris
1707 1938 1884 1988 exulant,

107 2003 158 2042 ad
194 2004 419 2053 Liturgiam
455 2003 705 2044 catholicam
742 2017 892 2055 presso
929 2016 1056 2043 sensu
1092 2016 1178 2043 non
1214 2004 1431 2053 pertinent.

248 2075 407 2125 Lingua
442 2080 580 2115 autem
626 2077 665 2115 in
713 2088 796 2125 qua
843 2074 936 2115 libri
971 2074 1150 2125 liturgici
1186 2075 1252 2114 de
1287 2075 1556 2113 mandato
1593 2077 1639 2112 et
1673 2083 1884 2122 appro-

106 2135 336 2174 batione
371 2134 411 2176 S.
447 2135 729 2177 Romanae
765 2135 935 2175 Sedis
968 2136 1118 2186 typis
1159 2134 1408 2173 eduntur
1441 2137 1532 2173 aut
1565 2129 1885 2183 syro-caldaica,

106 2198 173 2233 aut
206 2206 372 2244 graeca,
418 2199 486 2234 aut
519 2195 640 2234 latina
676 2200 750 2243 est,
795 2196 951 2245 quibus
986 2194 1216 2243 subsequis
1261 2194 1528 2243 temporibus
1570 2191 1783 2231 slavonica
1817 2202 1887 2228 an-

106 2254 219 2303 tiqua
253 2252 598 2304 (palaeoslaviea)
634 2267 731 2294 seu
767 2253 991 2294 Slavum
1026 2254 1256 2293 literale
1291 2253 1528 2292 accesit.
1565 2252 1749 2300 Linguae
1775 2250 1886 2287 litur-

106 2313 225 2363 gicae
260 2314 338 2352 hac
373 2314 425 2353 de
461 2326 586 2353 causa
621 2315 721 2354 istae
753 2312 1016 2364 appellantur
1051 2319 1089 2353 et
1122 2315 1229 2360 sunt,
1266 2314 1304 2351 in
1340 2313 1475 2362 iisque
1511 2309 1613 2351 solis
1646 2310 1885 2349 functiones

107 2371 323 2422 liturgicae
357 2385 486 2412 sensu
521 2385 648 2424 supra
683 2372 896 2413 declarato
931 2374 1077 2424 peragi
1114 2376 1305 2423 possunt.

249 2443 283 2482 Α
317 2442 460 2494 lingua
494 2443 724 2484 vernaculo
758 2457 875 2492 vero,
922 2456 1221 2495 quaecumque
1272 2445 1343 2483 ista
1389 2443 1561 2482 demum
1597 2443 1658 2488 sit,
1695 2441 1750 2479 ob
1786 2452 1887 2479 con-

107 2504 243 2543 tinuas
277 2501 544 2544 evolutiones
567 2507 653 2543 turn
689 2506 727 2544 in
763 2505 911 2552 forma,
947 2508 1033 2544 tum
1069 2505 1108 2543 in
1144 2505 1238 2553 ipso
1273 2503 1502 2542 verborum
1543 2513 1684 2547 sensu,
1731 2499 1886 2549 quibus

107 2574 153 2602 ea
195 2561 368 2602 fluctuat
401 2564 581 2614 Liturgia
625 2563 830 2603 catholica
879 2565 1092 2603 abhorret.
1157 2561 1279 2602 Tales
1315 2562 1466 2601 etenim
1503 2562 1773 2599 mutationem
1810 2570 1885 2608 pu-

105 2623 263 2661 ritatem
298 2622 413 2662 Fidei
447 2624 487 2662 in
522 2624 758 2673 periculum
803 2624 964 2662 ducunt
1009 2626 1285 2673 pugnantque
1321 2633 1415 2660 cum
1461 2620 1698 2659 necessaria
1734 2619 1884 2657 unitate

107 2686 146 2720 et
178 2679 394 2721 stabilitate
429 2683 635 2732 Liturgiae
671 2681 915 2722 catholicae.
970 2682 1067 2731 Qua
1103 2682 1155 2720 de
1191 2693 1316 2720 causa
1351 2680 1389 2719 S.
1418 2679 1551 2719 Sedes
1587 2679 1809 2725 Liturgiam
1847 2677 1884 2714 in

107 2739 248 2790 lingua
282 2742 506 2781 vernacula
530 2740 678 2781 nullibi
703 2747 741 2781 et
773 2754 990 2792 nunquam
1017 2741 1227 2781 concedit.
1247 2741 1275 2783 ¹)
1332 2739 1608 2788 Quapropter
1631 2738 1883 2775 functiones.

252 2860 277 2898 1)
305 2857 469 2891 Erronea
505 2860 561 2892 est
601 2857 691 2892 haec
731 2859 899 2893 assertio.
940 2856 1003 2892 SS.
1031 2856 1243 2891 Concilium
1272 2855 1530 2889 Tridentinum
1568 2862 1643 2886 non
1672 2850 1882 2894 reprobavit

107 2914 215 2939 usum
235 2904 383 2948 linguae
411 2904 573 2946 vulgaris
592 2906 627 2939 in
648 2906 762 2940 sacris
790 2907 875 2939 ante
901 2915 1040 2939 annum
1072 2903 1161 2937 1563
1188 2903 1381 2936 inductum
1411 2904 1445 2935 et
1472 2899 1770 2934 biscenteuuaria
1790 2907 1881 2931 con-

108 2951 306 2986 suetudine
333 2951 538 2992 firmatum
579 2952 644 2987 sed
673 2953 860 2988 interdixit
901 2963 946 2986 ne
986 2953 1019 2986 in
1062 2952 1253 2994 posterum
1283 2949 1396 2983 missa
1423 2948 1547 2989 lingua
1575 2946 1714 2987 vulgari
1743 2945 1880 2988 passim

107 2998 365 3041 celebraretur,
405 2999 601 3043 quomodo
629 3010 674 3034 ex
700 2999 868 3035 tontibus
901 3000 971 3034 iam
1002 3009 1070 3033 suo
1099 2998 1184 3032 loco
1212 2996 1334 3031 relatis
1361 2995 1440 3037 (cir.
1460 2994 1537 3028 XVI
1555 3004 1582 3027 s.
1611 2994 1655 3027 N.
1678 2993 1738 3026 111
1770 3002 1804 3035 p.
1826 2992 1884 3043 30)

107 3049 220 3090 patet.
266 3046 375 3091 Quae
415 3046 616 3090 prohibitio
646 3047 863 3082 Tridentina
903 3047 948 3081 ad
990 3047 1046 3080 ius
1074 3045 1296 3085 Liturgicum
1333 3043 1499 3076 Latinum
1537 3039 1778 3074 occidentalis
1813 3038 1884 3091 ‘hc-

107 3094 241 3129 clesiae
272 3096 498 3134 coarctatur:
538 3105 623 3129 nam
663 3093 698 3130 S.
726 3095 894 3130 Romana
928 3093 1092 3128 Ecclesia
1126 3092 1287 3133 linguam
1323 3090 1531 3131 vulgarem,
1573 3089 1680 3121 etiam
1710 3088 1743 3121 in
1774 3094 1885 3119 missa

108 3141 292 3183 Romana,
331 3140 504 3183 Graecis,
544 3142 733 3184 Armenis,
773 3141 924 3184 Arabis,
966 3140 1160 3181 Rumenis‚
1201 3137 1424 3179 Georgianis
1466 3138 1499 3170 et
1535 3134 1754 3169 Siuensibus
1792 3142 1885 3166 con-

107 3189 230 3231 cessit,
258 3188 454 3233 quomodo
483 3188 630 3232 probati
666 3191 840 3224 auctores
881 3188 1029 3223 tradunt
1070 3186 1292 3227 (Benedetto
1327 3184 1418 3225 XIV,
1459 3182 1564 3217 Delia
1592 3181 1626 3216 S.
1647 3182 1784 3221 Messa,
1811 3179 1884 3213 Ve-

109 3237 213 3271 nezia
255 3237 356 3277 1749,
396 3245 431 3279 p.
463 3237 526 3277 44;
560 3236 766 3278 Markoxdk,
801 3236 860 3271 Oli
901 3235 996 3270 Slavi
1027 3234 1071 3269 ed
1101 3235 1108 3268 i
1138 3233 1239 3276 Papi,
1278 3231 1457 3273 Zagabria
1488 3230 1587 3270 1897,
1622 3229 1643 3270 i,
1675 3229 1739 3262 153
1781 3230 1885 3261 nota:
