2191 3434
581 275 1182 318 Glagolito-Romanae
1209 276 1302 312 XIX.
1330 288 1358 312 s.
1722 280 1783 313 111

447 420 550 462 136.
585 418 916 461 XVII—XIX
931 432 982 471 s.,
1017 419 1065 460 [ἐ
1106 418 1250 461 Velikz‘
1270 419 1458 474 Jadrerz.

200 515 309 554 Libri
357 513 627 565 parochiales
672 516 712 555 in
757 516 793 555 li
827 513 961 555 Veliki
996 515 1095 554 inde
1130 515 1181 554 ab
1217 527 1328 555 anno
1369 517 1492 564 1620,
1528 517 1707 566 plurima
1740 517 1841 557 Acta

55 598 134 626 nec
180 598 266 625 non
306 586 526 626 Matricula
571 586 932 626 Confraternitatis
973 585 1013 626 S.
1046 586 1178 628 Rochi
1223 587 1538 627 characteribus
1585 588 1840 638 glagoliticis

55 657 248 698 contecta
282 661 389 697 sunt.

198 728 250 762 Ex
277 727 458 763 relatione
486 728 642 772 parochi
669 728 824 771 Joannis
853 728 995 763 Mariae
1022 727 1232 772 Bogdanic.

497 873 600 915 137.
635 870 965 914 XVII—XIX
980 884 1029 922 5.,
1066 871 1193 916 Ram
1218 871 1407 925 sadresz.

196 969 237 1008 In
273 969 444 1008 archivo
480 969 711 1018 parochiali
760 968 894 1009 Ravae
941 972 1224 1007 asservantur:
1273 968 1396 1008 Liber
1442 969 1751 1018 Baptizatorum
1787 971 1837 1010 ab

53 1051 166 1080 anno
202 1041 311 1080 1700
333 1040 387 1080 ad
417 1041 546 1088 18133
581 1040 704 1079 Liber
739 1038 1051 1090 Copulaturom
1087 1040 1139 1079 ab
1175 1051 1285 1079 anno
1318 1041 1424 1079 1813
1461 1040 1512 1079 ad
1553 1042 1682 1089 18203
1718 1042 1840 1081 Liber

53 1111 364 1151 Defunctorum
389 1112 440 1150 ab
466 1123 577 1150 anno
606 1112 716 1151 1610
741 1111 793 1150 ad
819 1112 948 1159 1812;
986 1111 1107 1150 Liber
1130 1112 1351 1153 Rationum
1378 1112 1475 1151 inde
1500 1112 1551 1151 ab
1577 1124 1687 1151 anno
1715 1114 1837 1159 1798,

55 1194 208 1222 omnes
245 1183 561 1222 characteribus
596 1183 854 1233 glagoliticis
889 1183 1082 1222 confecti.

195 1252 248 1286 Ex
274 1251 454 1286 relatione
483 1251 798 1286 administratoris
825 1251 1052 1295 parochialis
1080 1251 1233 1286 Antonii
1264 1252 1390 1286 Peros.

444 1384 547 1426 138.
582 1382 907 1426 XVll-—XIX
923 1395 973 1433 5.,
1018 1382 1111 1425 Veli
1143 1383 1237 1428 Rat
1257 1383 1445 1437 Jaslren.

197 1480 321 1519 Liber
355 1480 665 1519 Defunctorurn
702 1480 910 1519 ecclesiae
945 1480 1036 1519 Veli
1072 1480 1147 1521 Rat
1181 1481 1535 1528 (Pontebianche)
1572 1485 1609 1520 et
1645 1486 1726 1520 tres
1760 1483 1836 1521 Ta-

53 1552 191 1591 bellae
226 1551 339 1592 Sacri
376 1551 568 1591 Convivii
605 1552 921 1591 characteribus
956 1549 1212 1602 glagoliticis
1246 1552 1437 1591 contecta
1472 1556 1578 1592 sunt.

194 1620 246 1655 Ex
272 1620 452 1655 relatione
480 1620 792 1656 administratoris
820 1620 1046 1664 parochialis
1074 1620 1228 1665 josephi
1257 1620 1453 1656 Mirkovic'.

473 1753 579 1796 139.
613 1751 812 1794 XVII—
826 1751 942 1793 XIX
958 1765 1008 1803 s.,
1044 1751 1203 1794 Soline
1226 1753 1417 1807 Jacll‘en.

194 1849 303 1888 Libri
349 1849 658 1899 Baptizatorum
710 1849 917 1887 ecclesiae
953 1848 1188 1888 Solinensis
1224 1861 1362 1899 usque
1412 1849 1463 1888 ad
1520 1850 1626 1889 1812
1679 1863 1832 1889 annum

49 1921 363 1960 characteribus
397 1918 654 1971 glagoliticis
689 1920 869 1959 contecti
905 1923 1011 1959 sunt.

192 1990 245 2024 Ex
273 1989 451 2024 relatione
479 1989 789 2023 administratoris
818 1989 1042 2032 parochialis
1069 1989 1222 2033 Josephi
1251 1988 1447 2024 Mirkovic‘.

464 2110 567 2152 140.
602 2108 927 2150 XVII—XIX
941 2122 991 2159 5.,
1028 2108 1214 2150 Bosara
1238 2108 1427 2163 Jadren.

193 2207 301 2245 Libri
337 2206 604 2257 parochiales
629 2206 818 2245 Boiavae
853 2206 904 2244 ab
941 2217 1050 2244 anno
1092 2206 1200 2246 1688
1224 2205 1275 2244 ad
1318 2206 1424 2244 1832
1450 2217 1604 2244 annum
1634 2217 1713 2244 nec
1747 2218 1832 2244 non

50 2278 268 2316 Matricula
322 2277 682 2318 Confraternitatis
735 2276 774 2316 S.
816 2276 993 2327 Spiritus
1046 2277 1360 2316 characteribus
1422 2277 1677 2327 glagoliticis
1732 2289 1833 2316 con-

48 2348 154 2388 fecta
189 2353 296 2388 sunt.

194 2418 247 2452 Ex
275 2417 453 2452 relatione
482 2417 793 2452 administratoris
820 2416 1045 2460 parochialis
1073 2416 1252 2451 Matthaei
1281 2406 1404 2451 Skific'.

431 2551 533 2590 14].
568 2548 705 2591 XVII
724 2574 758 2577 —
783 2547 898 2589 XIX
916 2561 966 2599 5.,
1002 2547 1220 2603 Dragoi'e
1243 2547 1433 2602 Jclslren.

194 2646 234 2685 ln
285 2645 464 2685 ecclesia
511 2645 696 2684 curatiali
744 2645 946 2695 Dragove
993 2644 1306 2683 characteribus
1353 2644 1608 2694 glagoliticis
1651 2643 1829 2683 confecti

52 2719 147 2756 sunt
181 2717 325 2766 plures
359 2716 470 2756 Libri
492 2716 761 2766 parochiales
795 2728 875 2755 nec
906 2728 992 2755 non
1017 2715 1194 2755 initiales
1222 2716 1261 2753 in
1295 2715 1475 2754 vasculis
1495 2727 1573 2765 pro
1597 2714 1666 2754 SS.
1695 2715 1828 2754 Oleis.

192 2785 246 2819 Ex
273 2784 452 2820 relatione
480 2785 594 2820 curati
622 2784 802 2820 Matthaei
831 2784 954 2819 Skitic'.

483 2917 585 2958 142.
620 2915 1012 2966 XVII—Xle.,
1049 2904 1196 2956 Zman
1220 2913 1410 2968 Jaclren.

194 3011 303 3051 Libri
339 3013 663 3062 Baptizatorum‚
699 3011 1025 3062 Copulatorum,
1062 3010 1370 3049 Defunctorum
1407 3013 1444 3048 et
1469 3008 1826 3048 Confirmatorum

50 3081 90 3121 in
138 3083 318 3122 ecclesia
359 3074 504 3134 Zmanj
552 3084 604 3123 ab
651 3095 762 3122 anno
804 3083 911 3122 1607
959 3081 1010 3120 ad
1065 3082 1173 3120 1826
1220 3080 1531 3119 characteribus
1572 3077 1828 3128 glagoliticis

51 3153 232 3193 confecti
266 3157 374 3193 sunt.

192 3221 245 3256 Ex
273 3221 450 3257 relatione
478 3223 789 3257 administratoris
816 3219 1041 3265 parochialis
1068 3219 1253 3254 Francisci
1283 3209 1387 3254 §osa
