<?xml version="1.0" encoding="UTF-8"?>
<!DOCTYPE html PUBLIC "-//W3C//DTD XHTML 1.0 Transitional//EN"
    "http://www.w3.org/TR/xhtml1/DTD/xhtml1-transitional.dtd">
<html xmlns="http://www.w3.org/1999/xhtml" xml:lang="en" lang="en">
 <head>
  <title>
</title>
<meta http-equiv="Content-Type" content="text/html;charset=utf-8" />
  <meta name='ocr-system' content='tesseract 3.04.00' />
  <meta name='ocr-capabilities' content='ocr_page ocr_carea ocr_par ocr_line ocrx_word'/>
</head>
<body>
  <div class='ocr_page' id='page_1' title='image "./fonteshistoricil00jeliuoft_0416.png"; bbox 0 0 2243 3444; ppageno 0'>
   <div class='ocr_carea' id='block_1_1' title="bbox 370 310 1454 353">
    <p class='ocr_par' dir='ltr' id='par_1_1' title="bbox 370 310 1454 353">
     <span class='ocr_line' id='line_1_1' title="bbox 370 310 1454 353; baseline -0.005 -4"><span class='ocrx_word' id='word_1_1' title='bbox 370 315 415 349; x_wconf 85' lang='lat'>74</span> <span class='ocrx_word' id='word_1_2' title='bbox 983 311 1168 347; x_wconf 78' lang='lat' dir='ltr'>Fontes</span> <span class='ocrx_word' id='word_1_3' title='bbox 1196 310 1454 353; x_wconf 83' lang='lat' dir='ltr'>Liturgiae</span> 
     </span>
    </p>
   </div>
   <div class='ocr_carea' id='block_1_2' title="bbox 320 453 2147 2278">
    <p class='ocr_par' dir='ltr' id='par_1_2' title="bbox 320 453 2147 2278">
     <span class='ocr_line' id='line_1_2' title="bbox 466 453 2094 506; baseline -0.002 -9"><span class='ocrx_word' id='word_1_4' title='bbox 466 460 485 506; x_wconf 69' lang='grc' dir='ltr'><strong>ἓ</strong></span> <span class='ocrx_word' id='word_1_5' title='bbox 519 459 557 497; x_wconf 91' lang='grc'>8.</span> <span class='ocrx_word' id='word_1_6' title='bbox 593 456 676 496; x_wconf 89' lang='lat' dir='ltr'>Sed</span> <span class='ocrx_word' id='word_1_7' title='bbox 711 468 758 496; x_wconf 87' lang='lat' dir='ltr'>ea</span> <span class='ocrx_word' id='word_1_8' title='bbox 792 468 859 495; x_wconf 91' lang='lat' dir='ltr'>res</span> <span class='ocrx_word' id='word_1_9' title='bbox 893 453 1127 494; x_wconf 82' lang='lat' dir='ltr'>molestiam</span> <span class='ocrx_word' id='word_1_10' title='bbox 1162 455 1323 493; x_wconf 92' lang='lat' dir='ltr'>homini</span> <span class='ocrx_word' id='word_1_11' title='bbox 1356 455 1530 504; x_wconf 82' lang='lat' dir='ltr'>peperit.</span> <span class='ocrx_word' id='word_1_12' title='bbox 1566 455 1725 494; x_wconf 81' lang='lat' dir='ltr'>Etenim</span> <span class='ocrx_word' id='word_1_13' title='bbox 1748 454 1920 504; x_wconf 90' lang='lat' dir='ltr'>quidam</span> <span class='ocrx_word' id='word_1_14' title='bbox 1945 466 1995 493; x_wconf 90' lang='lat' dir='ltr'>ex</span> <span class='ocrx_word' id='word_1_15' title='bbox 2017 465 2094 493; x_wconf 91' lang='lat' dir='ltr'>no-</span> 
     </span>
     <span class='ocr_line' id='line_1_3' title="bbox 321 512 2092 563; baseline -0.003 -6"><span class='ocrx_word' id='word_1_16' title='bbox 321 515 428 557; x_wconf 90' lang='lat' dir='ltr'>vella</span> <span class='ocrx_word' id='word_1_17' title='bbox 462 517 782 556; x_wconf 81' lang='lat' dir='ltr'>chrIstianorum</span> <span class='ocrx_word' id='word_1_18' title='bbox 818 515 1030 561; x_wconf 90' lang='lat' dir='ltr'>societate,</span> <span class='ocrx_word' id='word_1_19' title='bbox 1066 514 1162 563; x_wconf 91' lang='lat' dir='ltr'>quia</span> <span class='ocrx_word' id='word_1_20' title='bbox 1187 517 1355 552; x_wconf 89' lang='lat' dir='ltr'>strenue</span> <span class='ocrx_word' id='word_1_21' title='bbox 1377 513 1478 552; x_wconf 90' lang='lat' dir='ltr'>actis</span> <span class='ocrx_word' id='word_1_22' title='bbox 1497 513 1626 552; x_wconf 90' lang='lat' dir='ltr'>rebus</span> <span class='ocrx_word' id='word_1_23' title='bbox 1643 514 1866 563; x_wconf 92' lang='lat' dir='ltr'>virtutique</span> <span class='ocrx_word' id='word_1_24' title='bbox 1885 512 2092 552; x_wconf 87' lang='lat' dir='ltr'>Methodii</span> 
     </span>
     <span class='ocr_line' id='line_1_4' title="bbox 324 572 2094 624; baseline -0.002 -9"><span class='ocrx_word' id='word_1_25' title='bbox 324 576 568 623; x_wconf 89' lang='lat' dir='ltr'>inviderent,</span> <span class='ocrx_word' id='word_1_26' title='bbox 615 574 728 624; x_wconf 92' lang='lat' dir='ltr'>apud</span> <span class='ocrx_word' id='word_1_27' title='bbox 761 574 966 624; x_wconf 81' lang='lat' dir='ltr'>joannem</span> <span class='ocrx_word' id='word_1_28' title='bbox 1001 573 1083 612; x_wconf 90' lang='lat' dir='ltr'>VIII</span> <span class='ocrx_word' id='word_1_29' title='bbox 1117 572 1317 611; x_wconf 83' lang='lat' dir='ltr'>Hadriani</span> <span class='ocrx_word' id='word_1_30' title='bbox 1351 583 1663 620; x_wconf 82' lang='lat' dir='ltr'>successorem,</span> <span class='ocrx_word' id='word_1_31' title='bbox 1698 573 1909 612; x_wconf 88' lang='lat' dir='ltr'>insontem</span> <span class='ocrx_word' id='word_1_32' title='bbox 1948 574 2094 622; x_wconf 91' lang='lat' dir='ltr'>postu-</span> 
     </span>
     <span class='ocr_line' id='line_1_5' title="bbox 323 624 2094 683; baseline -0.002 -9"><span class='ocrx_word' id='word_1_33' title='bbox 323 633 457 674; x_wconf 90' lang='lat' dir='ltr'>larunt</span> <span class='ocrx_word' id='word_1_34' title='bbox 491 635 543 673; x_wconf 93' lang='lat' dir='ltr'>de</span> <span class='ocrx_word' id='word_1_35' title='bbox 577 636 773 683; x_wconf 89' lang='lat' dir='ltr'>suspecta</span> <span class='ocrx_word' id='word_1_36' title='bbox 806 632 889 671; x_wconf 92' lang='lat' dir='ltr'>fide</span> <span class='ocrx_word' id='word_1_37' title='bbox 912 629 1157 681; x_wconf 92' lang='lat' dir='ltr'>violatoque</span> <span class='ocrx_word' id='word_1_38' title='bbox 1180 643 1300 670; x_wconf 89' lang='lat' dir='ltr'>more</span> <span class='ocrx_word' id='word_1_39' title='bbox 1320 631 1543 679; x_wconf 90' lang='lat' dir='ltr'>maiorum,</span> <span class='ocrx_word' id='word_1_40' title='bbox 1578 632 1650 681; x_wconf 94' lang='lat' dir='ltr'>qui</span> <span class='ocrx_word' id='word_1_41' title='bbox 1670 632 1710 670; x_wconf 92' lang='lat' dir='ltr'>in</span> <span class='ocrx_word' id='word_1_42' title='bbox 1729 632 1858 671; x_wconf 89' lang='lat' dir='ltr'>sacris</span> <span class='ocrx_word' id='word_1_43' title='bbox 1880 624 2094 670; x_wconf 88' lang='lat' dir='ltr'>obeundis</span> 
     </span>
     <span class='ocr_line' id='line_1_6' title="bbox 328 689 2094 742; baseline -0.003 -9"><span class='ocrx_word' id='word_1_44' title='bbox 328 705 556 733; x_wconf 87' lang='lat' dir='ltr'>sermonen</span> <span class='ocrx_word' id='word_1_45' title='bbox 590 703 789 742; x_wconf 89' lang='lat' dir='ltr'>graecum</span> <span class='ocrx_word' id='word_1_46' title='bbox 824 695 892 730; x_wconf 90' lang='lat' dir='ltr'>aut</span> <span class='ocrx_word' id='word_1_47' title='bbox 924 689 1094 729; x_wconf 90' lang='lat' dir='ltr'>latinum</span> <span class='ocrx_word' id='word_1_48' title='bbox 1129 702 1258 729; x_wconf 92' lang='lat' dir='ltr'>unum</span> <span class='ocrx_word' id='word_1_49' title='bbox 1294 690 1496 729; x_wconf 91' lang='lat' dir='ltr'>adhibere</span> <span class='ocrx_word' id='word_1_50' title='bbox 1521 693 1845 739; x_wconf 91' lang='lat' dir='ltr'>consueverunt,</span> <span class='ocrx_word' id='word_1_51' title='bbox 1879 693 2094 740; x_wconf 90' lang='lat' dir='ltr'>praeterea</span> 
     </span>
     <span class='ocr_line' id='line_1_7' title="bbox 323 747 2094 800; baseline -0.003 -8"><span class='ocrx_word' id='word_1_52' title='bbox 323 751 498 793; x_wconf 90' lang='lat' dir='ltr'>nullum.</span> <span class='ocrx_word' id='word_1_53' title='bbox 544 753 663 791; x_wconf 89' lang='lat' dir='ltr'>Tunc</span> <span class='ocrx_word' id='word_1_54' title='bbox 697 750 886 789; x_wconf 77' lang='lat' dir='ltr'>Pontifex</span> <span class='ocrx_word' id='word_1_55' title='bbox 919 747 1215 788; x_wconf 85' lang='lat' dir='ltr'>incolumitatis</span> <span class='ocrx_word' id='word_1_56' title='bbox 1248 749 1347 788; x_wconf 92' lang='lat' dir='ltr'>fidei</span> <span class='ocrx_word' id='word_1_57' title='bbox 1382 747 1717 800; x_wconf 87' lang='lat' dir='ltr'>disciplinaeque</span> <span class='ocrx_word' id='word_1_58' title='bbox 1749 749 1900 788; x_wconf 89' lang='lat' dir='ltr'>veteris</span> <span class='ocrx_word' id='word_1_59' title='bbox 1933 748 2094 788; x_wconf 90' lang='lat' dir='ltr'>studio-</span> 
     </span>
     <span class='ocr_line' id='line_1_8' title="bbox 324 806 2092 859; baseline -0.002 -8"><span class='ocrx_word' id='word_1_60' title='bbox 324 813 528 859; x_wconf 83' lang='lat' dir='ltr'>sissimus,</span> <span class='ocrx_word' id='word_1_61' title='bbox 576 809 797 849; x_wconf 86' lang='lat' dir='ltr'>Methodio</span> <span class='ocrx_word' id='word_1_62' title='bbox 834 810 1010 850; x_wconf 78' lang='lat' dir='ltr'>Romam</span> <span class='ocrx_word' id='word_1_63' title='bbox 1045 812 1220 847; x_wconf 89' lang='lat' dir='ltr'>evocato</span> <span class='ocrx_word' id='word_1_64' title='bbox 1257 806 1418 847; x_wconf 90' lang='lat' dir='ltr'>diluere</span> <span class='ocrx_word' id='word_1_65' title='bbox 1458 809 1645 857; x_wconf 88' lang='lat' dir='ltr'>crimina,</span> <span class='ocrx_word' id='word_1_66' title='bbox 1691 820 1875 858; x_wconf 86' lang='lat' dir='ltr'>seseque</span> <span class='ocrx_word' id='word_1_67' title='bbox 1909 819 2092 858; x_wconf 87' lang='lat' dir='ltr'>purgare</span> 
     </span>
     <span class='ocr_line' id='line_1_9' title="bbox 323 866 2094 920; baseline -0.002 -11"><span class='ocrx_word' id='word_1_68' title='bbox 323 871 509 920; x_wconf 91' lang='lat' dir='ltr'>imperat.</span> <span class='ocrx_word' id='word_1_69' title='bbox 558 870 605 917; x_wconf 89' lang='lat' dir='ltr'>Is,</span> <span class='ocrx_word' id='word_1_70' title='bbox 652 872 695 908; x_wconf 91' lang='lat' dir='ltr'>ut</span> <span class='ocrx_word' id='word_1_71' title='bbox 727 880 897 918; x_wconf 90' lang='lat' dir='ltr'>semper</span> <span class='ocrx_word' id='word_1_72' title='bbox 931 872 1016 907; x_wconf 88' lang='lat' dir='ltr'>erat</span> <span class='ocrx_word' id='word_1_73' title='bbox 1048 868 1100 906; x_wconf 90' lang='lat' dir='ltr'>ad</span> <span class='ocrx_word' id='word_1_74' title='bbox 1135 867 1371 917; x_wconf 89' lang='lat' dir='ltr'>parendum</span> <span class='ocrx_word' id='word_1_75' title='bbox 1407 866 1543 907; x_wconf 86' lang='lat' dir='ltr'>alacer</span> <span class='ocrx_word' id='word_1_76' title='bbox 1577 868 1951 917; x_wconf 86' lang='lat' dir='ltr'>conscientiaeque</span> <span class='ocrx_word' id='word_1_77' title='bbox 1982 866 2094 906; x_wconf 85' lang='lat' dir='ltr'>testi-</span> 
     </span>
     <span class='ocr_line' id='line_1_10' title="bbox 323 923 2095 977; baseline -0.002 -9"><span class='ocrx_word' id='word_1_78' title='bbox 323 930 468 968; x_wconf 92' lang='lat' dir='ltr'>monio</span> <span class='ocrx_word' id='word_1_79' title='bbox 503 929 643 975; x_wconf 90' lang='lat' dir='ltr'>fretus,</span> <span class='ocrx_word' id='word_1_80' title='bbox 679 939 788 966; x_wconf 94' lang='lat' dir='ltr'>anno</span> <span class='ocrx_word' id='word_1_81' title='bbox 814 926 1119 966; x_wconf 86' lang='lat' dir='ltr'>DCCCLXXX</span> <span class='ocrx_word' id='word_1_82' title='bbox 1138 938 1234 965; x_wconf 89' lang='lat' dir='ltr'>cum</span> <span class='ocrx_word' id='word_1_83' title='bbox 1269 938 1412 966; x_wconf 93' lang='lat' dir='ltr'>coram</span> <span class='ocrx_word' id='word_1_84' title='bbox 1431 927 1592 977; x_wconf 79' lang='lat' dir='ltr'>joanne</span> <span class='ocrx_word' id='word_1_85' title='bbox 1618 930 1656 966; x_wconf 93' lang='lat' dir='ltr'>et</span> <span class='ocrx_word' id='word_1_86' title='bbox 1674 927 1900 977; x_wconf 89' lang='lat' dir='ltr'>Episcopis</span> <span class='ocrx_word' id='word_1_87' title='bbox 1934 923 2095 976; x_wconf 86' lang='lat' dir='ltr'>aliquot</span> 
     </span>
     <span class='ocr_line' id='line_1_11' title="bbox 324 984 2093 1037; baseline -0.003 -9"><span class='ocrx_word' id='word_1_88' title='bbox 324 987 539 1037; x_wconf 89' lang='lat' dir='ltr'>Cleroque</span> <span class='ocrx_word' id='word_1_89' title='bbox 574 988 736 1026; x_wconf 86' lang='lat' dir='ltr'>urbano</span> <span class='ocrx_word' id='word_1_90' title='bbox 754 986 967 1033; x_wconf 75' lang='lat' dir='ltr'>ad‘fu1sset,</span> <span class='ocrx_word' id='word_1_91' title='bbox 1002 984 1122 1025; x_wconf 90' lang='lat' dir='ltr'>facile</span> <span class='ocrx_word' id='word_1_92' title='bbox 1142 987 1250 1033; x_wconf 90' lang='lat' dir='ltr'>vicit,</span> <span class='ocrx_word' id='word_1_93' title='bbox 1287 998 1377 1025; x_wconf 92' lang='lat' dir='ltr'>eam</span> <span class='ocrx_word' id='word_1_94' title='bbox 1397 998 1574 1036; x_wconf 90' lang='lat' dir='ltr'>prorsus</span> <span class='ocrx_word' id='word_1_95' title='bbox 1593 986 1722 1025; x_wconf 92' lang='lat' dir='ltr'>fidem</span> <span class='ocrx_word' id='word_1_96' title='bbox 1743 989 1781 1025; x_wconf 93' lang='lat' dir='ltr'>et</span> <span class='ocrx_word' id='word_1_97' title='bbox 1803 997 1848 1025; x_wconf 94' lang='lat' dir='ltr'>se</span> <span class='ocrx_word' id='word_1_98' title='bbox 1872 985 2093 1024; x_wconf 88' lang='lat' dir='ltr'>retinuisse</span> 
     </span>
     <span class='ocr_line' id='line_1_12' title="bbox 323 1043 2094 1096; baseline -0.002 -10"><span class='ocrx_word' id='word_1_99' title='bbox 323 1051 531 1086; x_wconf 91' lang='lat' dir='ltr'>costanter</span> <span class='ocrx_word' id='word_1_100' title='bbox 566 1050 603 1085; x_wconf 93' lang='lat' dir='ltr'>et</span> <span class='ocrx_word' id='word_1_101' title='bbox 636 1049 800 1084; x_wconf 90' lang='lat' dir='ltr'>ceteros</span> <span class='ocrx_word' id='word_1_102' title='bbox 835 1043 1058 1094; x_wconf 82' lang='lat' dir='ltr'>diligenter</span> <span class='ocrx_word' id='word_1_103' title='bbox 1092 1045 1334 1093; x_wconf 89' lang='lat' dir='ltr'>edocuisse,</span> <span class='ocrx_word' id='word_1_104' title='bbox 1371 1058 1497 1095; x_wconf 89' lang='lat' dir='ltr'>quam</span> <span class='ocrx_word' id='word_1_105' title='bbox 1531 1049 1752 1096; x_wconf 89' lang='lat' dir='ltr'>praesente</span> <span class='ocrx_word' id='word_1_106' title='bbox 1772 1048 1812 1084; x_wconf 88' lang='lat' dir='ltr'>et</span> <span class='ocrx_word' id='word_1_107' title='bbox 1828 1043 2094 1094; x_wconf 86' lang='lat' dir='ltr'>approbante</span> 
     </span>
     <span class='ocr_line' id='line_1_13' title="bbox 323 1102 2092 1155; baseline -0.002 -10"><span class='ocrx_word' id='word_1_108' title='bbox 323 1107 538 1145; x_wconf 83' lang='lat' dir='ltr'>Hadriano</span> <span class='ocrx_word' id='word_1_109' title='bbox 575 1103 839 1152; x_wconf 81' lang='lat' dir='ltr'>declaratam,</span> <span class='ocrx_word' id='word_1_110' title='bbox 877 1104 929 1142; x_wconf 91' lang='lat' dir='ltr'>ad</span> <span class='ocrx_word' id='word_1_111' title='bbox 964 1102 1208 1154; x_wconf 92' lang='lat' dir='ltr'>sepulcrum</span> <span class='ocrx_word' id='word_1_112' title='bbox 1244 1105 1444 1154; x_wconf 87' lang='lat' dir='ltr'>principis</span> <span class='ocrx_word' id='word_1_113' title='bbox 1478 1102 1787 1155; x_wconf 88' lang='lat' dir='ltr'>Apostolorum</span> <span class='ocrx_word' id='word_1_114' title='bbox 1821 1102 2092 1143; x_wconf 91' lang='lat' dir='ltr'>iureiurando</span> 
     </span>
     <span class='ocr_line' id='line_1_14' title="bbox 324 1161 2094 1213; baseline -0.002 -9"><span class='ocrx_word' id='word_1_115' title='bbox 324 1166 607 1204; x_wconf 89' lang='lat' dir='ltr'>confirmarat:</span> <span class='ocrx_word' id='word_1_116' title='bbox 654 1163 798 1213; x_wconf 90' lang='lat' dir='ltr'>quoad</span> <span class='ocrx_word' id='word_1_117' title='bbox 831 1175 932 1202; x_wconf 94' lang='lat' dir='ltr'>vero</span> <span class='ocrx_word' id='word_1_118' title='bbox 967 1163 1019 1202; x_wconf 93' lang='lat' dir='ltr'>ad</span> <span class='ocrx_word' id='word_1_119' title='bbox 1054 1161 1240 1212; x_wconf 83' lang='lat' dir='ltr'>linguam</span> <span class='ocrx_word' id='word_1_120' title='bbox 1276 1161 1540 1203; x_wconf 84' lang='lat' dir='ltr'>Slavonicam</span> <span class='ocrx_word' id='word_1_121' title='bbox 1582 1164 1621 1202; x_wconf 91' lang='lat' dir='ltr'>in</span> <span class='ocrx_word' id='word_1_122' title='bbox 1655 1163 1792 1203; x_wconf 86' lang='lat' dir='ltr'>Sacris</span> <span class='ocrx_word' id='word_1_123' title='bbox 1837 1161 2094 1213; x_wconf 83' lang='lat' dir='ltr'>peragendis</span> 
     </span>
     <span class='ocr_line' id='line_1_15' title="bbox 323 1222 2094 1273; baseline -0.001 -11"><span class='ocrx_word' id='word_1_124' title='bbox 323 1228 576 1273; x_wconf 89' lang='lat' dir='ltr'>usurpatam,</span> <span class='ocrx_word' id='word_1_125' title='bbox 611 1235 654 1262; x_wconf 92' lang='lat' dir='ltr'>se</span> <span class='ocrx_word' id='word_1_126' title='bbox 690 1223 805 1262; x_wconf 90' lang='lat' dir='ltr'>iustis</span> <span class='ocrx_word' id='word_1_127' title='bbox 840 1223 892 1261; x_wconf 92' lang='lat' dir='ltr'>de</span> <span class='ocrx_word' id='word_1_128' title='bbox 927 1223 1078 1270; x_wconf 88' lang='lat' dir='ltr'>causis,</span> <span class='ocrx_word' id='word_1_129' title='bbox 1114 1235 1163 1262; x_wconf 91' lang='lat' dir='ltr'>ex</span> <span class='ocrx_word' id='word_1_130' title='bbox 1195 1223 1315 1261; x_wconf 88' lang='lat' dir='ltr'>venia</span> <span class='ocrx_word' id='word_1_131' title='bbox 1350 1223 1482 1273; x_wconf 91' lang='lat' dir='ltr'>ipsius</span> <span class='ocrx_word' id='word_1_132' title='bbox 1525 1222 1726 1262; x_wconf 81' lang='lat' dir='ltr'>Hadriani</span> <span class='ocrx_word' id='word_1_133' title='bbox 1752 1222 1979 1269; x_wconf 79' lang='lat' dir='ltr'>Pontificis,</span> <span class='ocrx_word' id='word_1_134' title='bbox 2013 1232 2094 1260; x_wconf 92' lang='lat' dir='ltr'>nec</span> 
     </span>
     <span class='ocr_line' id='line_1_16' title="bbox 322 1277 2096 1332; baseline -0.002 -11"><span class='ocrx_word' id='word_1_135' title='bbox 322 1283 458 1322; x_wconf 85' lang='lat' dir='ltr'>Sacris</span> <span class='ocrx_word' id='word_1_136' title='bbox 492 1283 633 1321; x_wconf 89' lang='lat' dir='ltr'>Literis</span> <span class='ocrx_word' id='word_1_137' title='bbox 668 1282 1016 1332; x_wconf 86' lang='lat' dir='ltr'>repugnantibus,</span> <span class='ocrx_word' id='word_1_138' title='bbox 1051 1283 1139 1321; x_wconf 90' lang='lat' dir='ltr'>iure</span> <span class='ocrx_word' id='word_1_139' title='bbox 1164 1282 1328 1321; x_wconf 91' lang='lat' dir='ltr'>fecisse.</span> <span class='ocrx_word' id='word_1_140' title='bbox 1365 1281 1462 1322; x_wconf 72' lang='lat' dir='ltr'>Qua</span> <span class='ocrx_word' id='word_1_141' title='bbox 1485 1283 1755 1332; x_wconf 86' lang='lat' dir='ltr'>peroratione</span> <span class='ocrx_word' id='word_1_142' title='bbox 1776 1282 1826 1320; x_wconf 92' lang='lat' dir='ltr'>ita</span> <span class='ocrx_word' id='word_1_143' title='bbox 1845 1293 1890 1320; x_wconf 92' lang='lat' dir='ltr'>se</span> <span class='ocrx_word' id='word_1_144' title='bbox 1907 1277 2096 1330; x_wconf 89' lang='lat' dir='ltr'>qualibet</span> 
     </span>
     <span class='ocr_line' id='line_1_17' title="bbox 322 1339 2091 1391; baseline -0.002 -11"><span class='ocrx_word' id='word_1_145' title='bbox 322 1340 471 1391; x_wconf 92' lang='lat' dir='ltr'>culpae</span> <span class='ocrx_word' id='word_1_146' title='bbox 519 1342 764 1391; x_wconf 88' lang='lat' dir='ltr'>suspicione</span> <span class='ocrx_word' id='word_1_147' title='bbox 811 1339 1009 1388; x_wconf 88' lang='lat' dir='ltr'>liberavit,</span> <span class='ocrx_word' id='word_1_148' title='bbox 1057 1345 1100 1380; x_wconf 92' lang='lat' dir='ltr'>ut</span> <span class='ocrx_word' id='word_1_149' title='bbox 1133 1342 1171 1380; x_wconf 93' lang='lat' dir='ltr'>in</span> <span class='ocrx_word' id='word_1_150' title='bbox 1206 1353 1249 1380; x_wconf 93' lang='lat' dir='ltr'>re</span> <span class='ocrx_word' id='word_1_151' title='bbox 1296 1342 1505 1391; x_wconf 91' lang='lat' dir='ltr'>praesenti</span> <span class='ocrx_word' id='word_1_152' title='bbox 1540 1339 1792 1391; x_wconf 90' lang='lat' dir='ltr'>complexus</span> <span class='ocrx_word' id='word_1_153' title='bbox 1825 1339 2091 1379; x_wconf 85' lang='lat' dir='ltr'>Methodium</span> 
     </span>
     <span class='ocr_line' id='line_1_18' title="bbox 323 1391 2147 1450; baseline -0.003 -11"><span class='ocrx_word' id='word_1_154' title='bbox 323 1401 524 1447; x_wconf 73' lang='lat' dir='ltr'>Pontifex,</span> <span class='ocrx_word' id='word_1_155' title='bbox 560 1404 808 1450; x_wconf 87' lang='lat' dir='ltr'>potestatem</span> <span class='ocrx_word' id='word_1_156' title='bbox 829 1401 919 1439; x_wconf 92' lang='lat' dir='ltr'>eius</span> <span class='ocrx_word' id='word_1_157' title='bbox 943 1391 1367 1450; x_wconf 85' lang='lat' dir='ltr'>archiepiscopalem,</span> <span class='ocrx_word' id='word_1_158' title='bbox 1403 1400 1808 1450; x_wconf 88' lang='lat' dir='ltr'>expeditionemque</span> <span class='ocrx_word' id='word_1_159' title='bbox 1827 1397 2092 1438; x_wconf 89' lang='lat' dir='ltr'>Slavonicam</span> <span class='ocrx_word' id='word_1_160' title='bbox 2144 1432 2147 1433; x_wconf 19' lang='lat'><em>⁷</em></span> 
     </span>
     <span class='ocr_line' id='line_1_19' title="bbox 324 1457 2092 1510; baseline -0.001 -12"><span class='ocrx_word' id='word_1_161' title='bbox 324 1458 464 1498; x_wconf 85' lang='lat' dir='ltr'>libenti</span> <span class='ocrx_word' id='word_1_162' title='bbox 512 1461 651 1498; x_wconf 91' lang='lat' dir='ltr'>animo</span> <span class='ocrx_word' id='word_1_163' title='bbox 696 1463 822 1498; x_wconf 88' lang='lat' dir='ltr'>ratam</span> <span class='ocrx_word' id='word_1_164' title='bbox 865 1472 959 1498; x_wconf 88' lang='lat' dir='ltr'>esse</span> <span class='ocrx_word' id='word_1_165' title='bbox 993 1460 1169 1498; x_wconf 92' lang='lat' dir='ltr'>iusserit.</span> <span class='ocrx_word' id='word_1_166' title='bbox 1206 1460 1400 1509; x_wconf 90' lang='lat' dir='ltr'>Insuper,</span> <span class='ocrx_word' id='word_1_167' title='bbox 1447 1458 1607 1510; x_wconf 88' lang='lat' dir='ltr'>aliquot</span> <span class='ocrx_word' id='word_1_168' title='bbox 1641 1457 1814 1498; x_wconf 91' lang='lat' dir='ltr'>delectis</span> <span class='ocrx_word' id='word_1_169' title='bbox 1847 1457 2092 1508; x_wconf 87' lang='lat' dir='ltr'>Episcopis,</span> 
     </span>
     <span class='ocr_line' id='line_1_20' title="bbox 322 1515 2092 1569; baseline -0.002 -12"><span class='ocrx_word' id='word_1_170' title='bbox 322 1519 478 1568; x_wconf 89' lang='lat' dir='ltr'>quibus</span> <span class='ocrx_word' id='word_1_171' title='bbox 512 1519 757 1557; x_wconf 84' lang='lat' dir='ltr'>Methodius</span> <span class='ocrx_word' id='word_1_172' title='bbox 803 1519 893 1568; x_wconf 92' lang='lat' dir='ltr'>ipse</span> <span class='ocrx_word' id='word_1_173' title='bbox 942 1523 1170 1568; x_wconf 85' lang='lat' dir='ltr'>praeesset,</span> <span class='ocrx_word' id='word_1_174' title='bbox 1218 1523 1257 1558; x_wconf 92' lang='lat' dir='ltr'>et</span> <span class='ocrx_word' id='word_1_175' title='bbox 1290 1531 1474 1569; x_wconf 90' lang='lat' dir='ltr'>quorum</span> <span class='ocrx_word' id='word_1_176' title='bbox 1521 1531 1651 1569; x_wconf 90' lang='lat' dir='ltr'>opera</span> <span class='ocrx_word' id='word_1_177' title='bbox 1686 1519 1725 1557; x_wconf 93' lang='lat' dir='ltr'>in</span> <span class='ocrx_word' id='word_1_178' title='bbox 1765 1515 2092 1557; x_wconf 91' lang='lat' dir='ltr'>administranda</span> 
     </span>
     <span class='ocr_line' id='line_1_21' title="bbox 321 1575 2091 1627; baseline -0.001 -11"><span class='ocrx_word' id='word_1_179' title='bbox 321 1590 363 1616; x_wconf 88' lang='lat' dir='ltr'>re</span> <span class='ocrx_word' id='word_1_180' title='bbox 398 1579 617 1617; x_wconf 81' lang='lat' dir='ltr'>christiana</span> <span class='ocrx_word' id='word_1_181' title='bbox 652 1579 871 1625; x_wconf 90' lang='lat' dir='ltr'>iuvaretur,</span> <span class='ocrx_word' id='word_1_182' title='bbox 907 1578 1236 1627; x_wconf 90' lang='lat' dir='ltr'>perhonorificis</span> <span class='ocrx_word' id='word_1_183' title='bbox 1270 1578 1616 1617; x_wconf 90' lang='lat' dir='ltr'>commendatum</span> <span class='ocrx_word' id='word_1_184' title='bbox 1636 1575 1778 1616; x_wconf 89' lang='lat' dir='ltr'>litteris</span> <span class='ocrx_word' id='word_1_185' title='bbox 1804 1577 1844 1615; x_wconf 91' lang='lat' dir='ltr'>in</span> <span class='ocrx_word' id='word_1_186' title='bbox 1860 1576 2091 1615; x_wconf 86' lang='lat' dir='ltr'>Moraviam</span> 
     </span>
     <span class='ocr_line' id='line_1_22' title="bbox 324 1634 2093 1687; baseline -0.001 -12"><span class='ocrx_word' id='word_1_187' title='bbox 324 1649 419 1675; x_wconf 89' lang='lat' dir='ltr'>cum</span> <span class='ocrx_word' id='word_1_188' title='bbox 455 1635 596 1676; x_wconf 89' lang='lat' dir='ltr'>liberis</span> <span class='ocrx_word' id='word_1_189' title='bbox 630 1637 834 1676; x_wconf 91' lang='lat' dir='ltr'>mandatis</span> <span class='ocrx_word' id='word_1_190' title='bbox 868 1638 1037 1676; x_wconf 88' lang='lat' dir='ltr'>remisit.</span> <span class='ocrx_word' id='word_1_191' title='bbox 1074 1637 1194 1676; x_wconf 74' lang='lat' dir='ltr'>Quas</span> <span class='ocrx_word' id='word_1_192' title='bbox 1228 1649 1294 1676; x_wconf 91' lang='lat' dir='ltr'>res</span> <span class='ocrx_word' id='word_1_193' title='bbox 1329 1649 1480 1676; x_wconf 89' lang='lat' dir='ltr'>omnes</span> <span class='ocrx_word' id='word_1_194' title='bbox 1513 1641 1660 1687; x_wconf 91' lang='lat' dir='ltr'>postea</span> <span class='ocrx_word' id='word_1_195' title='bbox 1680 1636 1880 1676; x_wconf 88' lang='lat' dir='ltr'>Summus</span> <span class='ocrx_word' id='word_1_196' title='bbox 1904 1634 2093 1674; x_wconf 74' lang='lat' dir='ltr'>Pontifex</span> 
     </span>
     <span class='ocr_line' id='line_1_23' title="bbox 325 1693 2093 1745; baseline -0.001 -11"><span class='ocrx_word' id='word_1_197' title='bbox 325 1696 590 1735; x_wconf 89' lang='lat' dir='ltr'>confirmatas</span> <span class='ocrx_word' id='word_1_198' title='bbox 635 1694 765 1735; x_wconf 85' lang='lat' dir='ltr'>voluit</span> <span class='ocrx_word' id='word_1_199' title='bbox 810 1708 886 1745; x_wconf 90' lang='lat' dir='ltr'>per</span> <span class='ocrx_word' id='word_1_200' title='bbox 919 1694 1070 1735; x_wconf 89' lang='lat' dir='ltr'>litteras</span> <span class='ocrx_word' id='word_1_201' title='bbox 1104 1696 1156 1735; x_wconf 92' lang='lat' dir='ltr'>ad</span> <span class='ocrx_word' id='word_1_202' title='bbox 1190 1696 1456 1735; x_wconf 86' lang='lat' dir='ltr'>Methodium</span> <span class='ocrx_word' id='word_1_203' title='bbox 1492 1697 1620 1744; x_wconf 90' lang='lat' dir='ltr'>datas,</span> <span class='ocrx_word' id='word_1_204' title='bbox 1667 1708 1763 1735; x_wconf 94' lang='lat' dir='ltr'>cum</span> <span class='ocrx_word' id='word_1_205' title='bbox 1804 1695 1963 1734; x_wconf 91' lang='lat' dir='ltr'>scilicet</span> <span class='ocrx_word' id='word_1_206' title='bbox 1994 1693 2093 1733; x_wconf 90' lang='lat' dir='ltr'>huic</span> 
     </span>
     <span class='ocr_line' id='line_1_24' title="bbox 323 1753 2091 1802; baseline -0.001 -9"><span class='ocrx_word' id='word_1_207' title='bbox 323 1767 468 1794; x_wconf 91' lang='lat' dir='ltr'>rursus</span> <span class='ocrx_word' id='word_1_208' title='bbox 502 1756 725 1794; x_wconf 91' lang='lat' dir='ltr'>subeunda</span> <span class='ocrx_word' id='word_1_209' title='bbox 760 1753 1068 1794; x_wconf 88' lang='lat' dir='ltr'>malevolorum</span> <span class='ocrx_word' id='word_1_210' title='bbox 1104 1756 1256 1794; x_wconf 91' lang='lat' dir='ltr'>invidia</span> <span class='ocrx_word' id='word_1_211' title='bbox 1289 1756 1374 1794; x_wconf 88' lang='lat' dir='ltr'>fuit.</span> <span class='ocrx_word' id='word_1_212' title='bbox 1424 1755 1567 1795; x_wconf 77' lang='lat' dir='ltr'>Quare</span> <span class='ocrx_word' id='word_1_213' title='bbox 1602 1766 1778 1794; x_wconf 91' lang='lat' dir='ltr'>securus</span> <span class='ocrx_word' id='word_1_214' title='bbox 1812 1754 1951 1802; x_wconf 90' lang='lat' dir='ltr'>animi,</span> <span class='ocrx_word' id='word_1_215' title='bbox 1994 1764 2091 1792; x_wconf 91' lang='lat' dir='ltr'>cum</span> 
     </span>
     <span class='ocr_line' id='line_1_25' title="bbox 324 1812 2091 1864; baseline -0.001 -12"><span class='ocrx_word' id='word_1_216' title='bbox 324 1814 525 1853; x_wconf 90' lang='lat' dir='ltr'>Pontifice</span> <span class='ocrx_word' id='word_1_217' title='bbox 559 1815 743 1853; x_wconf 85' lang='lat' dir='ltr'>Maximo</span> <span class='ocrx_word' id='word_1_218' title='bbox 778 1818 1014 1864; x_wconf 90' lang='lat' dir='ltr'>cunctaque</span> <span class='ocrx_word' id='word_1_219' title='bbox 1033 1813 1219 1854; x_wconf 80' lang='lat' dir='ltr'>Ecclesia</span> <span class='ocrx_word' id='word_1_220' title='bbox 1254 1827 1427 1853; x_wconf 89' lang='lat' dir='ltr'>romana</span> <span class='ocrx_word' id='word_1_221' title='bbox 1447 1815 1680 1854; x_wconf 91' lang='lat' dir='ltr'>arctissimo</span> <span class='ocrx_word' id='word_1_222' title='bbox 1706 1814 1882 1853; x_wconf 87' lang='lat' dir='ltr'>caritatis</span> <span class='ocrx_word' id='word_1_223' title='bbox 1904 1812 2091 1862; x_wconf 91' lang='lat' dir='ltr'>fideique</span> 
     </span>
     <span class='ocr_line' id='line_1_26' title="bbox 320 1869 2093 1924; baseline -0.001 -13"><span class='ocrx_word' id='word_1_224' title='bbox 320 1871 488 1912; x_wconf 89' lang='lat' dir='ltr'>vinculo</span> <span class='ocrx_word' id='word_1_225' title='bbox 533 1875 797 1920; x_wconf 87' lang='lat' dir='ltr'>coniunctus,</span> <span class='ocrx_word' id='word_1_226' title='bbox 845 1874 1111 1923; x_wconf 91' lang='lat' dir='ltr'>adsignatum</span> <span class='ocrx_word' id='word_1_227' title='bbox 1163 1874 1241 1913; x_wconf 92' lang='lat' dir='ltr'>sibi</span> <span class='ocrx_word' id='word_1_228' title='bbox 1288 1886 1442 1913; x_wconf 94' lang='lat' dir='ltr'>munus</span> <span class='ocrx_word' id='word_1_229' title='bbox 1486 1871 1655 1924; x_wconf 88' lang='lat' dir='ltr'>explere</span> <span class='ocrx_word' id='word_1_230' title='bbox 1689 1870 1821 1911; x_wconf 91' lang='lat' dir='ltr'>multo</span> <span class='ocrx_word' id='word_1_231' title='bbox 1854 1869 2093 1921; x_wconf 88' lang='lat' dir='ltr'>vigilantius</span> 
     </span>
     <span class='ocr_line' id='line_1_27' title="bbox 322 1931 2091 1983; baseline -0.001 -12"><span class='ocrx_word' id='word_1_232' title='bbox 322 1934 619 1981; x_wconf 90' lang='lat' dir='ltr'>perseveravit;</span> <span class='ocrx_word' id='word_1_233' title='bbox 654 1945 733 1971; x_wconf 90' lang='lat' dir='ltr'>nec</span> <span class='ocrx_word' id='word_1_234' title='bbox 768 1933 838 1971; x_wconf 91' lang='lat' dir='ltr'>diu</span> <span class='ocrx_word' id='word_1_235' title='bbox 874 1933 1138 1972; x_wconf 88' lang='lat' dir='ltr'>desideratus</span> <span class='ocrx_word' id='word_1_236' title='bbox 1173 1937 1233 1972; x_wconf 91' lang='lat' dir='ltr'>est</span> <span class='ocrx_word' id='word_1_237' title='bbox 1255 1934 1456 1982; x_wconf 91' lang='lat' dir='ltr'>egregius</span> <span class='ocrx_word' id='word_1_238' title='bbox 1480 1945 1637 1983; x_wconf 87' lang='lat' dir='ltr'>operae</span> <span class='ocrx_word' id='word_1_239' title='bbox 1661 1932 1832 1971; x_wconf 91' lang='lat' dir='ltr'>fructus.</span> <span class='ocrx_word' id='word_1_240' title='bbox 1866 1931 1974 1970; x_wconf 90' lang='lat' dir='ltr'>Nam</span> <span class='ocrx_word' id='word_1_241' title='bbox 1994 1942 2091 1969; x_wconf 89' lang='lat' dir='ltr'>cum</span> 
     </span>
     <span class='ocr_line' id='line_1_28' title="bbox 323 1990 2092 2042; baseline -0.001 -13"><span class='ocrx_word' id='word_1_242' title='bbox 323 1992 504 2040; x_wconf 90' lang='lat' dir='ltr'>primum</span> <span class='ocrx_word' id='word_1_243' title='bbox 539 1993 629 2042; x_wconf 92' lang='lat' dir='ltr'>ipse</span> <span class='ocrx_word' id='word_1_244' title='bbox 664 2004 739 2042; x_wconf 89' lang='lat' dir='ltr'>per</span> <span class='ocrx_word' id='word_1_245' title='bbox 773 2004 817 2030; x_wconf 87' lang='lat' dir='ltr'>se</span> <span class='ocrx_word' id='word_1_246' title='bbox 852 1992 903 2031; x_wconf 90' lang='lat' dir='ltr'>ad</span> <span class='ocrx_word' id='word_1_247' title='bbox 939 1990 1188 2031; x_wconf 92' lang='lat' dir='ltr'>catholicam</span> <span class='ocrx_word' id='word_1_248' title='bbox 1222 1992 1351 2031; x_wconf 90' lang='lat' dir='ltr'>fidem</span> <span class='ocrx_word' id='word_1_249' title='bbox 1386 1993 1655 2031; x_wconf 83' lang='lat' dir='ltr'>Borzivoium</span> <span class='ocrx_word' id='word_1_250' title='bbox 1689 1991 1924 2041; x_wconf 90' lang='lat' dir='ltr'>principem</span> <span class='ocrx_word' id='word_1_251' title='bbox 1955 1990 2092 2028; x_wconf 87' lang='lat' dir='ltr'>Bohe-</span> 
     </span>
     <span class='ocr_line' id='line_1_29' title="bbox 322 2048 2090 2100; baseline -0.001 -12"><span class='ocrx_word' id='word_1_252' title='bbox 322 2062 502 2098; x_wconf 91' lang='lat' dir='ltr'>morum,</span> <span class='ocrx_word' id='word_1_253' title='bbox 553 2051 707 2090; x_wconf 92' lang='lat' dir='ltr'>deinde</span> <span class='ocrx_word' id='word_1_254' title='bbox 742 2049 990 2090; x_wconf 86' lang='lat' dir='ltr'>Ludmillam</span> <span class='ocrx_word' id='word_1_255' title='bbox 1035 2063 1211 2090; x_wconf 89' lang='lat' dir='ltr'>uxorem</span> <span class='ocrx_word' id='word_1_256' title='bbox 1247 2052 1350 2099; x_wconf 93' lang='lat' dir='ltr'>eius,</span> <span class='ocrx_word' id='word_1_257' title='bbox 1397 2051 1586 2090; x_wconf 91' lang='lat' dir='ltr'>adhibito</span> <span class='ocrx_word' id='word_1_258' title='bbox 1632 2050 1820 2100; x_wconf 91' lang='lat' dir='ltr'>quodam</span> <span class='ocrx_word' id='word_1_259' title='bbox 1855 2048 2090 2096; x_wconf 91' lang='lat' dir='ltr'>sacerdote,</span> 
     </span>
     <span class='ocr_line' id='line_1_30' title="bbox 322 2105 2090 2160; baseline -0.001 -13"><span class='ocrx_word' id='word_1_260' title='bbox 322 2110 599 2158; x_wconf 84' lang='lat' dir='ltr'>perduxisset,</span> <span class='ocrx_word' id='word_1_261' title='bbox 647 2110 760 2149; x_wconf 90' lang='lat' dir='ltr'>brevi</span> <span class='ocrx_word' id='word_1_262' title='bbox 810 2110 996 2160; x_wconf 85' lang='lat' dir='ltr'>perfecit,</span> <span class='ocrx_word' id='word_1_263' title='bbox 1044 2114 1086 2149; x_wconf 95' lang='lat' dir='ltr'>ut</span> <span class='ocrx_word' id='word_1_264' title='bbox 1118 2111 1157 2149; x_wconf 94' lang='lat' dir='ltr'>in</span> <span class='ocrx_word' id='word_1_265' title='bbox 1193 2122 1240 2149; x_wconf 91' lang='lat' dir='ltr'>ea</span> <span class='ocrx_word' id='word_1_266' title='bbox 1283 2114 1407 2160; x_wconf 91' lang='lat' dir='ltr'>gente</span> <span class='ocrx_word' id='word_1_267' title='bbox 1454 2110 1723 2149; x_wconf 89' lang='lat' dir='ltr'>christianum</span> <span class='ocrx_word' id='word_1_268' title='bbox 1768 2120 1926 2148; x_wconf 91' lang='lat' dir='ltr'>nornen</span> <span class='ocrx_word' id='word_1_269' title='bbox 1961 2105 2090 2157; x_wconf 88' lang='lat' dir='ltr'>longe</span> 
     </span>
     <span class='ocr_line' id='line_1_31' title="bbox 323 2165 2090 2219; baseline -0.001 -13"><span class='ocrx_word' id='word_1_270' title='bbox 323 2166 487 2217; x_wconf 88' lang='lat' dir='ltr'>lateque</span> <span class='ocrx_word' id='word_1_271' title='bbox 532 2168 785 2218; x_wconf 90' lang='lat' dir='ltr'>vulgaretur.</span> <span class='ocrx_word' id='word_1_272' title='bbox 835 2170 912 2208; x_wconf 90' lang='lat' dir='ltr'>Per</span> <span class='ocrx_word' id='word_1_273' title='bbox 958 2170 1107 2208; x_wconf 89' lang='lat' dir='ltr'>eadem</span> <span class='ocrx_word' id='word_1_274' title='bbox 1146 2173 1338 2219; x_wconf 91' lang='lat' dir='ltr'>tempora</span> <span class='ocrx_word' id='word_1_275' title='bbox 1372 2167 1583 2219; x_wconf 81' lang='lat' dir='ltr'>Evangelii</span> <span class='ocrx_word' id='word_1_276' title='bbox 1619 2167 1761 2207; x_wconf 90' lang='lat' dir='ltr'>lumen</span> <span class='ocrx_word' id='word_1_277' title='bbox 1795 2169 1835 2206; x_wconf 91' lang='lat' dir='ltr'>in</span> <span class='ocrx_word' id='word_1_278' title='bbox 1870 2165 2090 2206; x_wconf 87' lang='lat' dir='ltr'>Poloniam</span> 
     </span>
     <span class='ocr_line' id='line_1_32' title="bbox 323 2226 2090 2278; baseline -0.001 -12"><span class='ocrx_word' id='word_1_279' title='bbox 323 2228 606 2266; x_wconf 89' lang='lat' dir='ltr'>invehendum</span> <span class='ocrx_word' id='word_1_280' title='bbox 642 2229 821 2275; x_wconf 85' lang='lat' dir='ltr'>curavit3</span> <span class='ocrx_word' id='word_1_281' title='bbox 857 2240 944 2278; x_wconf 90' lang='lat' dir='ltr'>quo</span> <span class='ocrx_word' id='word_1_282' title='bbox 979 2240 1075 2267; x_wconf 91' lang='lat' dir='ltr'>cum</span> <span class='ocrx_word' id='word_1_283' title='bbox 1111 2226 1178 2267; x_wconf 91' lang='lat' dir='ltr'>ille</span> <span class='ocrx_word' id='word_1_284' title='bbox 1201 2240 1276 2278; x_wconf 94' lang='lat' dir='ltr'>per</span> <span class='ocrx_word' id='word_1_285' title='bbox 1298 2228 1480 2267; x_wconf 90' lang='lat' dir='ltr'>mediam</span> <span class='ocrx_word' id='word_1_286' title='bbox 1501 2226 1758 2268; x_wconf 84' lang='lat' dir='ltr'>Gallaeciam</span> <span class='ocrx_word' id='word_1_287' title='bbox 1778 2226 2090 2277; x_wconf 90' lang='lat' dir='ltr'>penetravisset‚</span> 
     </span>
    </p>
   </div>
   <div class='ocr_carea' id='block_1_3' title="bbox 322 2285 2158 2337">
    <p class='ocr_par' dir='ltr' id='par_1_3' title="bbox 322 2285 2158 2337">
     <span class='ocr_line' id='line_1_33' title="bbox 322 2285 2158 2337; baseline -0.001 -13"><span class='ocrx_word' id='word_1_288' title='bbox 322 2286 468 2325; x_wconf 91' lang='lat' dir='ltr'>sedem</span> <span class='ocrx_word' id='word_1_289' title='bbox 504 2286 792 2337; x_wconf 90' lang='lat' dir='ltr'>episcopalem</span> <span class='ocrx_word' id='word_1_290' title='bbox 817 2285 994 2337; x_wconf 89' lang='lat' dir='ltr'>Leopoli</span> <span class='ocrx_word' id='word_1_291' title='bbox 1019 2288 1165 2326; x_wconf 88' lang='lat' dir='ltr'>statuit.</span> <span class='ocrx_word' id='word_1_292' title='bbox 1201 2288 1313 2335; x_wconf 93' lang='lat' dir='ltr'>Inde,</span> <span class='ocrx_word' id='word_1_293' title='bbox 1349 2292 1391 2326; x_wconf 90' lang='lat' dir='ltr'>ut</span> <span class='ocrx_word' id='word_1_294' title='bbox 1413 2285 1605 2326; x_wconf 87' lang='lat' dir='ltr'>nonnulli</span> <span class='ocrx_word' id='word_1_295' title='bbox 1628 2286 1900 2333; x_wconf 90' lang='lat' dir='ltr'>tradiderunt,</span> <span class='ocrx_word' id='word_1_296' title='bbox 1935 2286 1974 2324; x_wconf 91' lang='lat' dir='ltr'>in</span> <span class='ocrx_word' id='word_1_297' title='bbox 1997 2285 2092 2324; x_wconf 86' lang='lat' dir='ltr'>Mo—</span> <span class='ocrx_word' id='word_1_298' title='bbox 2155 2285 2158 2288; x_wconf 73' lang='grc'><strong>’</strong></span> 
     </span>
    </p>
   </div>
   <div class='ocr_carea' id='block_1_4' title="bbox 283 2344 2091 3277">
    <p class='ocr_par' dir='ltr' id='par_1_4' title="bbox 322 2344 2091 2749">
     <span class='ocr_line' id='line_1_34' title="bbox 322 2344 2090 2396; baseline -0.001 -12"><span class='ocrx_word' id='word_1_299' title='bbox 322 2346 506 2384; x_wconf 90' lang='lat' dir='ltr'>scoviam</span> <span class='ocrx_word' id='word_1_300' title='bbox 527 2347 880 2396; x_wconf 90' lang='lat' dir='ltr'>propriinominis</span> <span class='ocrx_word' id='word_1_301' title='bbox 901 2347 1133 2396; x_wconf 85' lang='lat' dir='ltr'>digressus,</span> <span class='ocrx_word' id='word_1_302' title='bbox 1146 2347 1346 2385; x_wconf 92' lang='lat' dir='ltr'>thronum</span> <span class='ocrx_word' id='word_1_303' title='bbox 1365 2344 1606 2396; x_wconf 88' lang='lat' dir='ltr'>pontificale</span> <span class='ocrx_word' id='word_1_304' title='bbox 1622 2346 1847 2387; x_wconf 86' lang='lat' dir='ltr'>Kiowense</span> <span class='ocrx_word' id='word_1_305' title='bbox 1867 2344 2090 2383; x_wconf 89' lang='lat' dir='ltr'>constituit.</span> 
     </span>
     <span class='ocr_line' id='line_1_35' title="bbox 323 2402 2090 2444; baseline -0.001 -2"><span class='ocrx_word' id='word_1_306' title='bbox 323 2403 431 2442; x_wconf 90' lang='lat' dir='ltr'>Cum</span> <span class='ocrx_word' id='word_1_307' title='bbox 478 2405 541 2444; x_wconf 78' lang='lat' dir='ltr'>hIs</span> <span class='ocrx_word' id='word_1_308' title='bbox 586 2406 698 2444; x_wconf 88' lang='lat' dir='ltr'>haud</span> <span class='ocrx_word' id='word_1_309' title='bbox 733 2417 832 2444; x_wconf 90' lang='lat' dir='ltr'>sane</span> <span class='ocrx_word' id='word_1_310' title='bbox 867 2406 1155 2444; x_wconf 88' lang='lat' dir='ltr'>arescentibus</span> <span class='ocrx_word' id='word_1_311' title='bbox 1189 2403 1342 2444; x_wconf 90' lang='lat' dir='ltr'>laureis</span> <span class='ocrx_word' id='word_1_312' title='bbox 1375 2406 1415 2444; x_wconf 93' lang='lat' dir='ltr'>in</span> <span class='ocrx_word' id='word_1_313' title='bbox 1449 2406 1680 2444; x_wconf 88' lang='lat' dir='ltr'>Moraviam</span> <span class='ocrx_word' id='word_1_314' title='bbox 1715 2415 1909 2443; x_wconf 89' lang='lat' dir='ltr'>reversus</span> <span class='ocrx_word' id='word_1_315' title='bbox 1943 2406 2005 2442; x_wconf 89' lang='lat' dir='ltr'>est</span> <span class='ocrx_word' id='word_1_316' title='bbox 2037 2402 2090 2441; x_wconf 92' lang='lat' dir='ltr'>ad</span> 
     </span>
     <span class='ocr_line' id='line_1_36' title="bbox 322 2461 2091 2514; baseline -0.001 -13"><span class='ocrx_word' id='word_1_317' title='bbox 322 2474 443 2502; x_wconf 88' lang='lat' dir='ltr'>suos:</span> <span class='ocrx_word' id='word_1_318' title='bbox 479 2464 646 2513; x_wconf 90' lang='lat' dir='ltr'>iamque</span> <span class='ocrx_word' id='word_1_319' title='bbox 689 2476 782 2503; x_wconf 90' lang='lat' dir='ltr'>sese</span> <span class='ocrx_word' id='word_1_320' title='bbox 830 2464 963 2514; x_wconf 90' lang='lat' dir='ltr'>abripi</span> <span class='ocrx_word' id='word_1_321' title='bbox 1012 2465 1064 2503; x_wconf 88' lang='lat' dir='ltr'>ad</span> <span class='ocrx_word' id='word_1_322' title='bbox 1098 2465 1329 2503; x_wconf 90' lang='lat' dir='ltr'>humanum</span> <span class='ocrx_word' id='word_1_323' title='bbox 1365 2465 1518 2503; x_wconf 86' lang='lat' dir='ltr'>exitum</span> <span class='ocrx_word' id='word_1_324' title='bbox 1556 2465 1753 2510; x_wconf 91' lang='lat' dir='ltr'>sentiens,</span> <span class='ocrx_word' id='word_1_325' title='bbox 1800 2464 1979 2512; x_wconf 89' lang='lat' dir='ltr'>ipsemet</span> <span class='ocrx_word' id='word_1_326' title='bbox 2011 2461 2091 2501; x_wconf 89' lang='lat' dir='ltr'>sibi</span> 
     </span>
     <span class='ocr_line' id='line_1_37' title="bbox 323 2520 2090 2573; baseline 0 -14"><span class='ocrx_word' id='word_1_327' title='bbox 323 2533 616 2561; x_wconf 89' lang='lat' dir='ltr'>successorem</span> <span class='ocrx_word' id='word_1_328' title='bbox 653 2524 904 2573; x_wconf 89' lang='lat' dir='ltr'>designavit;</span> <span class='ocrx_word' id='word_1_329' title='bbox 940 2521 1201 2573; x_wconf 88' lang='lat' dir='ltr'>Clerumque</span> <span class='ocrx_word' id='word_1_330' title='bbox 1236 2527 1274 2562; x_wconf 90' lang='lat' dir='ltr'>et</span> <span class='ocrx_word' id='word_1_331' title='bbox 1306 2521 1516 2573; x_wconf 92' lang='lat' dir='ltr'>populum</span> <span class='ocrx_word' id='word_1_332' title='bbox 1551 2523 1762 2573; x_wconf 91' lang='lat' dir='ltr'>supremis</span> <span class='ocrx_word' id='word_1_333' title='bbox 1781 2522 2018 2572; x_wconf 86' lang='lat' dir='ltr'>praeceptis</span> <span class='ocrx_word' id='word_1_334' title='bbox 2037 2520 2090 2559; x_wconf 93' lang='lat' dir='ltr'>ad</span> 
     </span>
     <span class='ocr_line' id='line_1_38' title="bbox 322 2578 2091 2631; baseline 0.001 -14"><span class='ocrx_word' id='word_1_335' title='bbox 322 2580 510 2619; x_wconf 88' lang='lat' dir='ltr'>virtutem</span> <span class='ocrx_word' id='word_1_336' title='bbox 546 2583 803 2629; x_wconf 86' lang='lat' dir='ltr'>cohortatus,</span> <span class='ocrx_word' id='word_1_337' title='bbox 839 2594 885 2621; x_wconf 92' lang='lat' dir='ltr'>ea</span> <span class='ocrx_word' id='word_1_338' title='bbox 917 2583 1010 2630; x_wconf 85' lang='lat' dir='ltr'>vita,</span> <span class='ocrx_word' id='word_1_339' title='bbox 1045 2594 1153 2631; x_wconf 90' lang='lat' dir='ltr'>quae</span> <span class='ocrx_word' id='word_1_340' title='bbox 1188 2582 1267 2621; x_wconf 94' lang='lat' dir='ltr'>sibi</span> <span class='ocrx_word' id='word_1_341' title='bbox 1299 2583 1362 2620; x_wconf 89' lang='lat' dir='ltr'>via</span> <span class='ocrx_word' id='word_1_342' title='bbox 1397 2583 1436 2620; x_wconf 91' lang='lat' dir='ltr'>in</span> <span class='ocrx_word' id='word_1_343' title='bbox 1471 2580 1635 2621; x_wconf 91' lang='lat' dir='ltr'>caelum</span> <span class='ocrx_word' id='word_1_344' title='bbox 1669 2582 1755 2628; x_wconf 87' lang='lat' dir='ltr'>fuit,</span> <span class='ocrx_word' id='word_1_345' title='bbox 1802 2578 2091 2630; x_wconf 88' lang='lat' dir='ltr'>placidissime</span> 
     </span>
     <span class='ocr_line' id='line_1_39' title="bbox 324 2638 2090 2692; baseline 0.001 -17"><span class='ocrx_word' id='word_1_346' title='bbox 324 2638 545 2679; x_wconf 87' lang='lat' dir='ltr'>defunctus</span> <span class='ocrx_word' id='word_1_347' title='bbox 570 2644 642 2680; x_wconf 87' lang='lat' dir='ltr'>est.</span> <span class='ocrx_word' id='word_1_348' title='bbox 663 2664 706 2668; x_wconf 77' lang='lat'><strong>—</strong></span> <span class='ocrx_word' id='word_1_349' title='bbox 728 2642 794 2681; x_wconf 90' lang='lat' dir='ltr'>Uti</span> <span class='ocrx_word' id='word_1_350' title='bbox 815 2639 1016 2692; x_wconf 89' lang='lat' dir='ltr'>Cyrillum</span> <span class='ocrx_word' id='word_1_351' title='bbox 1037 2642 1182 2689; x_wconf 74' lang='lat' dir='ltr'>Roma,</span> <span class='ocrx_word' id='word_1_352' title='bbox 1208 2642 1268 2680; x_wconf 93' lang='lat' dir='ltr'>sic</span> <span class='ocrx_word' id='word_1_353' title='bbox 1283 2641 1550 2680; x_wconf 86' lang='lat' dir='ltr'>Methodium</span> <span class='ocrx_word' id='word_1_354' title='bbox 1575 2641 1774 2687; x_wconf 85' lang='lat' dir='ltr'>Moravia,</span> <span class='ocrx_word' id='word_1_355' title='bbox 1810 2639 2090 2678; x_wconf 88' lang='lat' dir='ltr'>decedentem</span> 
     </span>
     <span class='ocr_line' id='line_1_40' title="bbox 323 2695 1904 2749; baseline 0.002 -15"><span class='ocrx_word' id='word_1_356' title='bbox 323 2695 434 2745; x_wconf 84' lang='lat' dir='ltr'>luxit,</span> <span class='ocrx_word' id='word_1_357' title='bbox 469 2700 668 2738; x_wconf 89' lang='lat' dir='ltr'>amissum</span> <span class='ocrx_word' id='word_1_358' title='bbox 704 2701 918 2749; x_wconf 91' lang='lat' dir='ltr'>quaesivit,</span> <span class='ocrx_word' id='word_1_359' title='bbox 953 2700 1098 2739; x_wconf 86' lang='lat' dir='ltr'>funere</span> <span class='ocrx_word' id='word_1_360' title='bbox 1134 2701 1223 2739; x_wconf 90' lang='lat' dir='ltr'>eius</span> <span class='ocrx_word' id='word_1_361' title='bbox 1258 2700 1398 2738; x_wconf 89' lang='lat' dir='ltr'>modis</span> <span class='ocrx_word' id='word_1_362' title='bbox 1432 2700 1636 2738; x_wconf 90' lang='lat' dir='ltr'>omnibus</span> <span class='ocrx_word' id='word_1_363' title='bbox 1669 2700 1904 2738; x_wconf 90' lang='lat' dir='ltr'>honestato.</span> 
     </span>
    </p>

    <p class='ocr_par' dir='ltr' id='par_1_5' title="bbox 283 2755 2090 3277">
     <span class='ocr_line' id='line_1_41' title="bbox 464 2755 2089 2808; baseline -0.001 -12"><span class='ocrx_word' id='word_1_364' title='bbox 464 2759 483 2804; x_wconf 63' lang='grc' dir='ltr'><strong>ἓ</strong></span> <span class='ocrx_word' id='word_1_365' title='bbox 507 2758 545 2796; x_wconf 85' lang='grc'>9.</span> <span class='ocrx_word' id='word_1_366' title='bbox 570 2759 733 2797; x_wconf 80' lang='lat' dir='ltr'>l-lorum</span> <span class='ocrx_word' id='word_1_367' title='bbox 758 2759 977 2807; x_wconf 80' lang='lat' dir='ltr'>factorum,</span> <span class='ocrx_word' id='word_1_368' title='bbox 999 2756 1274 2808; x_wconf 75' lang='lat' dir='ltr'>Venerabiles</span> <span class='ocrx_word' id='word_1_369' title='bbox 1296 2759 1467 2806; x_wconf 80' lang='lat' dir='ltr'>Fratres,</span> <span class='ocrx_word' id='word_1_370' title='bbox 1494 2758 1757 2808; x_wconf 90' lang='lat' dir='ltr'>periucunda</span> <span class='ocrx_word' id='word_1_371' title='bbox 1781 2757 1920 2796; x_wconf 90' lang='lat' dir='ltr'>Nobis</span> <span class='ocrx_word' id='word_1_372' title='bbox 1936 2755 2089 2795; x_wconf 88' lang='lat' dir='ltr'>accidit</span> 
     </span>
     <span class='ocr_line' id='line_1_42' title="bbox 324 2814 2090 2866; baseline 0.001 -14"><span class='ocrx_word' id='word_1_373' title='bbox 324 2815 586 2864; x_wconf 87' lang='lat' dir='ltr'>recordatio;</span> <span class='ocrx_word' id='word_1_374' title='bbox 620 2829 700 2856; x_wconf 91' lang='lat' dir='ltr'>nec</span> <span class='ocrx_word' id='word_1_375' title='bbox 733 2818 1003 2856; x_wconf 89' lang='lat' dir='ltr'>mediocriter</span> <span class='ocrx_word' id='word_1_376' title='bbox 1036 2828 1372 2865; x_wconf 78' lang='lat' dir='ltr'>commovemur,</span> <span class='ocrx_word' id='word_1_377' title='bbox 1408 2830 1504 2856; x_wconf 92' lang='lat' dir='ltr'>cum</span> <span class='ocrx_word' id='word_1_378' title='bbox 1539 2820 1649 2856; x_wconf 90' lang='lat' dir='ltr'>retro</span> <span class='ocrx_word' id='word_1_379' title='bbox 1684 2814 1814 2866; x_wconf 90' lang='lat' dir='ltr'>longe</span> <span class='ocrx_word' id='word_1_380' title='bbox 1836 2815 2090 2866; x_wconf 89' lang='lat' dir='ltr'>respicimus</span> 
     </span>
     <span class='ocr_line' id='line_1_43' title="bbox 325 2871 2083 2926; baseline 0.001 -15"><span class='ocrx_word' id='word_1_381' title='bbox 325 2874 493 2922; x_wconf 91' lang='lat' dir='ltr'>optimis</span> <span class='ocrx_word' id='word_1_382' title='bbox 527 2875 648 2914; x_wconf 89' lang='lat' dir='ltr'>initiis</span> <span class='ocrx_word' id='word_1_383' title='bbox 681 2874 949 2925; x_wconf 89' lang='lat' dir='ltr'>splendidam</span> <span class='ocrx_word' id='word_1_384' title='bbox 984 2874 1299 2915; x_wconf 84' lang='lat' dir='ltr'>Slavonicarum</span> <span class='ocrx_word' id='word_1_385' title='bbox 1333 2877 1521 2926; x_wconf 85' lang='lat' dir='ltr'>gentium</span> <span class='ocrx_word' id='word_1_386' title='bbox 1556 2888 1652 2915; x_wconf 92' lang='lat' dir='ltr'>cum</span> <span class='ocrx_word' id='word_1_387' title='bbox 1687 2876 1874 2917; x_wconf 77' lang='lat' dir='ltr'>Romana</span> <span class='ocrx_word' id='word_1_388' title='bbox 1898 2871 2083 2913; x_wconf 89' lang='lat' dir='ltr'>Ecclesia</span> 
     </span>
     <span class='ocr_line' id='line_1_44' title="bbox 283 2932 2090 2984; baseline 0.001 -15"><span class='ocrx_word' id='word_1_389' title='bbox 283 2943 292 2953; x_wconf 89' lang='lat'><strong>·</strong></span> <span class='ocrx_word' id='word_1_390' title='bbox 325 2933 680 2973; x_wconf 84' lang='lat' dir='ltr'>coniunctionem.</span> <span class='ocrx_word' id='word_1_391' title='bbox 707 2936 865 2974; x_wconf 89' lang='lat' dir='ltr'>Etenim</span> <span class='ocrx_word' id='word_1_392' title='bbox 889 2935 976 2973; x_wconf 93' lang='lat' dir='ltr'>duo</span> <span class='ocrx_word' id='word_1_393' title='bbox 1002 2936 1064 2974; x_wconf 89' lang='lat' dir='ltr'>isti</span> <span class='ocrx_word' id='word_1_394' title='bbox 1089 2935 1297 2974; x_wconf 90' lang='lat' dir='ltr'>christiani</span> <span class='ocrx_word' id='word_1_395' title='bbox 1316 2935 1499 2973; x_wconf 92' lang='lat' dir='ltr'>nominis</span> <span class='ocrx_word' id='word_1_396' title='bbox 1519 2937 1841 2984; x_wconf 88' lang='lat' dir='ltr'>propagatores,</span> <span class='ocrx_word' id='word_1_397' title='bbox 1862 2933 1915 2972; x_wconf 88' lang='lat' dir='ltr'>de</span> <span class='ocrx_word' id='word_1_398' title='bbox 1932 2932 2090 2983; x_wconf 92' lang='lat' dir='ltr'>quibus</span> 
     </span>
     <span class='ocr_line' id='line_1_45' title="bbox 325 2990 2087 3043; baseline 0.001 -16"><span class='ocrx_word' id='word_1_399' title='bbox 325 2990 485 3039; x_wconf 88' lang='lat' dir='ltr'>loquuti</span> <span class='ocrx_word' id='word_1_400' title='bbox 505 3003 665 3040; x_wconf 89' lang='lat' dir='ltr'>sumus,</span> <span class='ocrx_word' id='word_1_401' title='bbox 688 2992 1058 3043; x_wconf 87' lang='lat' dir='ltr'>Constantinopoli</span> <span class='ocrx_word' id='word_1_402' title='bbox 1083 2993 1255 3043; x_wconf 93' lang='lat' dir='ltr'>quidem</span> <span class='ocrx_word' id='word_1_403' title='bbox 1280 2993 1332 3032; x_wconf 92' lang='lat' dir='ltr'>ad</span> <span class='ocrx_word' id='word_1_404' title='bbox 1356 2994 1548 3032; x_wconf 90' lang='lat' dir='ltr'>ethnicos</span> <span class='ocrx_word' id='word_1_405' title='bbox 1570 2991 1760 3043; x_wconf 88' lang='lat' dir='ltr'>populos</span> <span class='ocrx_word' id='word_1_406' title='bbox 1779 2993 2087 3038; x_wconf 89' lang='lat' dir='ltr'>discesserunt;</span> 
     </span>
     <span class='ocr_line' id='line_1_46' title="bbox 325 3049 2088 3101; baseline 0.001 -15"><span class='ocrx_word' id='word_1_407' title='bbox 325 3049 400 3087; x_wconf 89' lang='lat' dir='ltr'>sed</span> <span class='ocrx_word' id='word_1_408' title='bbox 434 3053 569 3089; x_wconf 91' lang='lat' dir='ltr'>tamen</span> <span class='ocrx_word' id='word_1_409' title='bbox 605 3063 752 3090; x_wconf 90' lang='lat' dir='ltr'>eorum</span> <span class='ocrx_word' id='word_1_410' title='bbox 788 3053 1034 3091; x_wconf 90' lang='lat' dir='ltr'>missionem</span> <span class='ocrx_word' id='word_1_411' title='bbox 1069 3053 1119 3091; x_wconf 90' lang='lat' dir='ltr'>ab</span> <span class='ocrx_word' id='word_1_412' title='bbox 1148 3053 1227 3091; x_wconf 90' lang='lat' dir='ltr'>hac</span> <span class='ocrx_word' id='word_1_413' title='bbox 1247 3050 1495 3101; x_wconf 83' lang='lat' dir='ltr'>Apostolica</span> <span class='ocrx_word' id='word_1_414' title='bbox 1517 3051 1643 3099; x_wconf 84' lang='lat' dir='ltr'>Sede,</span> <span class='ocrx_word' id='word_1_415' title='bbox 1667 3049 1898 3091; x_wconf 90' lang='lat' dir='ltr'>catholicae</span> <span class='ocrx_word' id='word_1_416' title='bbox 1923 3050 2088 3090; x_wconf 88' lang='lat' dir='ltr'>unitatis</span> 
     </span>
     <span class='ocr_line' id='line_1_47' title="bbox 325 3108 2086 3160; baseline 0.001 -15"><span class='ocrx_word' id='word_1_417' title='bbox 325 3111 481 3155; x_wconf 90' lang='lat' dir='ltr'>centro,</span> <span class='ocrx_word' id='word_1_418' title='bbox 528 3113 595 3148; x_wconf 88' lang='lat' dir='ltr'>aut</span> <span class='ocrx_word' id='word_1_419' title='bbox 629 3111 803 3149; x_wconf 93' lang='lat' dir='ltr'>omnino</span> <span class='ocrx_word' id='word_1_420' title='bbox 839 3111 1047 3160; x_wconf 89' lang='lat' dir='ltr'>imperari,</span> <span class='ocrx_word' id='word_1_421' title='bbox 1091 3114 1171 3158; x_wconf 91' lang='lat' dir='ltr'>aut,</span> <span class='ocrx_word' id='word_1_422' title='bbox 1220 3111 1339 3160; x_wconf 91' lang='lat' dir='ltr'>quod</span> <span class='ocrx_word' id='word_1_423' title='bbox 1373 3108 1468 3160; x_wconf 90' lang='lat' dir='ltr'>plus</span> <span class='ocrx_word' id='word_1_424' title='bbox 1500 3111 1590 3149; x_wconf 90' lang='lat' dir='ltr'>vice</span> <span class='ocrx_word' id='word_1_425' title='bbox 1625 3110 1805 3160; x_wconf 90' lang='lat' dir='ltr'>simplici</span> <span class='ocrx_word' id='word_1_426' title='bbox 1839 3112 1976 3149; x_wconf 90' lang='lat' dir='ltr'>actum</span> <span class='ocrx_word' id='word_1_427' title='bbox 2011 3111 2086 3156; x_wconf 90' lang='lat' dir='ltr'>est,</span> 
     </span>
     <span class='ocr_line' id='line_1_48' title="bbox 324 3166 2089 3219; baseline 0.002 -17"><span class='ocrx_word' id='word_1_428' title='bbox 324 3166 395 3204; x_wconf 88' lang='lat' dir='ltr'>rite</span> <span class='ocrx_word' id='word_1_429' title='bbox 429 3171 655 3217; x_wconf 88' lang='lat' dir='ltr'>sancteque</span> <span class='ocrx_word' id='word_1_430' title='bbox 690 3169 915 3218; x_wconf 89' lang='lat' dir='ltr'>approbari</span> <span class='ocrx_word' id='word_1_431' title='bbox 951 3171 1180 3219; x_wconf 89' lang='lat' dir='ltr'>opportuit.</span> <span class='ocrx_word' id='word_1_432' title='bbox 1216 3170 1372 3211; x_wconf 78' lang='lat' dir='ltr'>Revera</span> <span class='ocrx_word' id='word_1_433' title='bbox 1405 3170 1474 3208; x_wconf 93' lang='lat' dir='ltr'>hic</span> <span class='ocrx_word' id='word_1_434' title='bbox 1507 3170 1547 3208; x_wconf 95' lang='lat' dir='ltr'>in</span> <span class='ocrx_word' id='word_1_435' title='bbox 1583 3169 1698 3208; x_wconf 88' lang='lat' dir='ltr'>Urbe</span> <span class='ocrx_word' id='word_1_436' title='bbox 1722 3170 1854 3211; x_wconf 78' lang='lat' dir='ltr'>Roma</span> <span class='ocrx_word' id='word_1_437' title='bbox 1879 3168 1930 3207; x_wconf 92' lang='lat' dir='ltr'>ab</span> <span class='ocrx_word' id='word_1_438' title='bbox 1956 3168 2004 3206; x_wconf 92' lang='lat' dir='ltr'>iis</span> <span class='ocrx_word' id='word_1_439' title='bbox 2026 3170 2089 3206; x_wconf 88' lang='lat' dir='ltr'>est</span> 
     </span>
     <span class='ocr_line' id='line_1_49' title="bbox 325 3225 2088 3277; baseline 0.002 -16"><span class='ocrx_word' id='word_1_440' title='bbox 325 3227 362 3261; x_wconf 91' lang='lat' dir='ltr'>et</span> <span class='ocrx_word' id='word_1_441' title='bbox 395 3227 577 3274; x_wconf 89' lang='lat' dir='ltr'>suscepti</span> <span class='ocrx_word' id='word_1_442' title='bbox 612 3229 796 3266; x_wconf 90' lang='lat' dir='ltr'>muneris</span> <span class='ocrx_word' id='word_1_443' title='bbox 830 3229 932 3266; x_wconf 91' lang='lat' dir='ltr'>ratio</span> <span class='ocrx_word' id='word_1_444' title='bbox 967 3228 1141 3276; x_wconf 89' lang='lat' dir='ltr'>reddita,</span> <span class='ocrx_word' id='word_1_445' title='bbox 1177 3231 1216 3267; x_wconf 91' lang='lat' dir='ltr'>et</span> <span class='ocrx_word' id='word_1_446' title='bbox 1247 3228 1299 3267; x_wconf 92' lang='lat' dir='ltr'>ad</span> <span class='ocrx_word' id='word_1_447' title='bbox 1322 3228 1614 3273; x_wconf 80' lang='lat' dir='ltr'>accusatIOnes</span> <span class='ocrx_word' id='word_1_448' title='bbox 1638 3239 1914 3277; x_wconf 87' lang='lat' dir='ltr'>responsum;</span> <span class='ocrx_word' id='word_1_449' title='bbox 1948 3227 2017 3265; x_wconf 91' lang='lat' dir='ltr'>hic</span> <span class='ocrx_word' id='word_1_450' title='bbox 2034 3225 2088 3264; x_wconf 91' lang='lat' dir='ltr'>ad</span> 
     </span>
    </p>
   </div>
   <div class='ocr_carea' id='block_1_5' title="bbox 2156 0 2243 3444">
    <p class='ocr_par' dir='ltr' id='par_1_6' title="bbox 2156 0 2243 3444">
     <span class='ocr_line' id='line_1_50' title="bbox 2156 0 2243 3444; baseline 0 0"><span class='ocrx_word' id='word_1_451' title='bbox 2156 0 2243 3444; x_wconf 95' lang='lat' dir='ltr'> </span> 
     </span>
    </p>
   </div>
  </div>
 </body>
</html>
