2243 3444
364 340 430 375 158
977 335 1147 369 Fontes
1173 333 1408 376 Liturgiae

316 487 355 525 in
407 485 600 524 manibus
650 482 688 522 S.
725 482 865 520 Matris
912 477 1143 525 Ecclesiae,
1192 480 1298 518 viam
1345 478 1469 517 subin
1518 479 1611 528 paci
1663 482 1702 517 et
1749 477 2083 517 reconciliationi

316 545 474 595 optime
509 544 729 582 stravisset.
795 540 932 579 Huius
978 543 1145 578 nostrae
1188 538 1332 577 firmae
1367 538 1656 588 persuasionis
1690 548 1963 587 consequens
1997 540 2080 576 est:

314 604 454 644 Nobis
488 603 641 642 summi
676 600 877 639 momenti
912 610 999 637 rem
1033 598 1178 646 videri,
1220 610 1290 637 eas
1325 598 1515 647 liturgiae
1549 597 1835 636 slavo-latinae
1869 596 2082 646 reliquias,

314 675 422 713 quae
456 666 695 711 temporum
731 658 1017 708 iniquitatibus
1050 658 1290 696 resistentes
1313 660 1489 696 aetatem
1513 657 1707 704 tulerunt,
1742 653 1919 695 sollicite
1944 657 2084 694 custo-

313 723 504 769 diendas,
529 721 733 759 fovendas
753 722 791 757 et
805 718 856 756 ab
877 718 1038 756 interitu
1062 716 1310 755 omnimode
1333 715 1608 755 vindicandas
1631 727 1744 762 esse;
1768 714 2083 764 providendum

315 794 441 832 quam
478 781 657 830 priinum
704 777 964 817 authenticae
1004 774 1209 815 librorum
1247 776 1567 825 lithurgicorum
1609 775 1820 814 idiomatis
1853 773 2084 824 glagolitici

315 841 512 882 editioni:
562 836 875 877 consulendum
930 835 1070 874 studio
1124 835 1293 884 linguae
1340 846 1481 874 sacrae
1530 835 1791 882 slavonicae;
1840 831 2083 873 renovanda

313 901 426 939 hunc
474 900 512 938 in
546 898 673 936 finem
709 895 937 935 Seminaria
982 898 1050 934 aut
1083 895 1255 942 Romae,
1302 896 1369 933 aut
1414 895 1451 932 in
1499 893 1717 940 Dalmatia,
1764 893 1835 932 ubi
1868 893 1950 942 jam
1987 892 2084 932 exti-

312 962 455 1005 terant,
504 959 541 996 in
577 956 733 1006 quibus
765 954 990 1005 juvenibus
1024 957 1186 1004 praeter
1210 951 1378 1003 linguae
1413 957 1451 992 et
1484 955 1583 992 ritus
1618 952 1772 1000 slavici,
1807 963 1956 991 eorum
1991 963 2083 990 om-

313 1019 428 1057 nium
464 1018 587 1066 copia
622 1015 908 1065 praeberetur,
953 1013 1108 1063 quibus
1144 1013 1396 1052 Sacerdotes
1439 1013 1519 1062 apti
1563 1012 1766 1051 reduntur
1802 1011 2085 1051 sanctioribus

315 1078 456 1116 Matris
490 1076 703 1115 Ecclesiae
739 1072 1041 1113 intentionibus
1074 1073 1179 1111 inter
1212 1084 1316 1112 suos
1349 1071 1695 1122 promovendis.“

456 1144 653 1188 Encyclica
688 1142 856 1186 episcopi
892 1141 1099 1176 Bosnensis
1135 1143 1170 1175 et
1207 1140 1428 1185 Syrmiensis
1461 1140 1615 1184 Josephi
1643 1139 1797 1182 Georgii
1833 1138 2086 1183 Strossmayer

312 1194 347 1227 in
377 1191 616 1236 ephemeride
645 1189 824 1227 Katolicki
852 1189 935 1231 List,
966 1189 1067 1223 1860.

919 1333 978 1374 65
1003 1344 1044 1373 α.
1085 1332 1220 1383 1862,
1261 1330 1485 1374 Goriticze.

456 1419 649 1459 Studium
685 1419 853 1467 linguae
890 1415 1224 1456 Palaeoslavicae
1259 1417 1297 1455 in
1333 1416 1565 1455 Seminario
1600 1414 1870 1465 Theologico
1902 1411 2084 1454 Centrali

314 1491 558 1537 Goritiensi,
595 1490 767 1528 decreto
804 1488 1010 1527 Gubernii
1045 1488 1248 1527 Austriaci
1285 1500 1334 1526 ex
1367 1491 1481 1537 parte
1516 1487 1803 1537 supprimitur.

454 1562 541 1611 Jam
577 1572 686 1599 anno
720 1560 916 1599 videlicet
954 1560 1077 1607 1861,
1125 1560 1300 1598 instante
1347 1559 1523 1599 Rectore
1558 1557 1776 1597 Seminarii
1819 1557 1980 1607 joanne
2014 1557 2082 1596 Ev.

316 1621 462 1660 ssudau
511 1620 686 1659 omnino
731 1620 879 1658 invitus
924 1616 1232 1668 praelectiones
1278 1616 1461 1657 Slavicas
1508 1618 1623 1656 omni
1670 1616 1855 1656 Sabbato
1904 1614 2086 1655 alumnis

314 1680 534 1719 Seminarii
565 1680 732 1726 dabam,
768 1679 817 1718 ita
852 1680 1005 1723 tamen,
1041 1681 1083 1716 ut
1117 1689 1215 1716 mox
1249 1678 1441 1726 sequenti
1465 1689 1574 1716 anno
1610 1674 1865 1716 scholastico
1895 1674 2001 1715 1862
2028 1675 2084 1714 ob

313 1751 476 1787 causas,
512 1751 620 1788 quae
668 1739 765 1776 mihi
813 1749 1029 1787 nunquam
1075 1737 1208 1775 dictae
1255 1736 1433 1784 fuerunt,
1480 1736 1839 1786 praelectionibus
1884 1735 1970 1774 istis
2001 1735 2083 1785 jam

314 1799 406 1837 iinis
441 1801 551 1837 esset
585 1798 821 1847 impositus.
863 1820 906 1823 —
947 1795 1030 1835 Sed
1067 1799 1108 1834 ut
1142 1796 1238 1844 dixi,
1287 1807 1428 1845 neque
1463 1807 1546 1845 ego
1582 1796 1621 1834 in
1655 1807 1804 1834 causas
1837 1793 2085 1843 huiusmodi

314 1857 603 1907 inquirebam,
649 1868 789 1906 neque
833 1854 943 1895 ullus
992 1855 1210 1905 quidpiam
1257 1855 1472 1901 indicavit,
1523 1866 1597 1894 cur
1645 1865 1812 1893 cessare
1862 1853 2087 1892 debuerint

315 1915 636 1966 praelectiones.
689 1916 813 1955 Anno
854 1916 962 1954 1870
997 1914 1236 1964 petentibus
1280 1914 1459 1953 alumnis
1503 1912 1647 1962 Slavis,
1691 1915 1901 1952 annuente
1948 1913 2085 1961 etiam,

315 1980 356 2015 ut
390 1988 548 2025 equum
574 1978 670 2023 erat,
706 1975 886 2017 Rectore
910 1975 1045 2022 Hrast‚
1081 1974 1228 2013 iterum
1260 1972 1567 2023 praelectiones
1591 1971 1773 2012 Slavicas
1795 1983 2084 2022 susceperam,

314 2039 437 2085 atque
483 2047 549 2073 me
595 2035 673 2073 tale
724 2034 826 2084 quid
872 2034 1043 2072 minime
1086 2033 1341 2080 intendente,
1387 2033 1511 2072 animi
1558 2033 1827 2071 alumnorum
1871 2031 2084 2070 slavorum

315 2094 605 2134 vehementius
640 2106 717 2144 pro
752 2105 796 2132 re
831 2091 990 2132 Slavica
1024 2093 1183 2131 incensi
1219 2104 1362 2132 ausam
1397 2092 1682 2142 praebuerunt
1714 2089 1832 2139 Italis,
1868 2093 1910 2129 ut
1943 2101 2085 2129 aemu-

315 2154 490 2193 lationes
526 2157 563 2192 et
598 2153 731 2192 dictae
767 2152 1007 2191 discordiae
1042 2151 1139 2191 inde
1163 2155 1306 2191 enatae
1336 2152 1427 2190 sint.
1463 2151 1572 2190 Hinc
1596 2151 1651 2189 uti
1674 2150 1795 2189 facile
1829 2147 2084 2200 intelligitur,

317 2213 464 2252 iterum
510 2224 620 2251 anno
667 2210 923 2251 scholastico
971 2209 1042 2249 illo
1076 2210 1192 2250 finito
1236 2210 1330 2249 finis
1372 2221 1562 2260 quoque,
1598 2213 1639 2248 ut
1671 2209 1846 2258 videtur,
1881 2220 1960 2258 pro
1995 2208 2085 2248 lon-

316 2273 424 2321 giori
459 2273 593 2322 spatio
629 2271 847 2321 temporis,
883 2270 1083 2309 omnibus
1117 2268 1205 2310 aliis
1239 2269 1485 2319 hujusmodi
1519 2267 1682 2308 slavicis
1728 2266 2085 2319 praelectionibus

314 2332 537 2380 impositus
572 2334 671 2370 est.“

459 2399 605 2433 Doctor
632 2399 796 2442 Joannes
825 2398 920 2441 Nep.
949 2397 1072 2440 Hrast,
1106 2397 1243 2432 Breves
1270 2398 1424 2432 notitiae
1459 2396 1726 2441 biographicae
1754 2405 1847 2440 quas
1875 2395 2025 2440 collegit
2051 2396 2086 2429 et

316 2447 539 2489 conscripsit
567 2445 780 2489 Stephanus
808 2444 1021 2487 Kociancic,
1050 2444 1217 2479 Goritiae
1246 2445 1346 2486 1875,
1373 2455 1406 2488 p⁴
1429 2445 1485 2479 35.

461 2493 537 2528 Cir.
566 2493 902 2537 Interpellationem
940 2492 999 2527 die
1025 2492 1047 2526 8
1071 2491 1153 2535 Julii
1183 2492 1272 2528 1905
1300 2503 1320 2526 a
1347 2492 1518 2534 delegato
1552 2490 1782 2526 Sibenicensi
1808 2491 1977 2525 Doctore
2003 2489 2084 2524 Du—

314 2540 398 2575 libic'
426 2543 460 2575 et
486 2542 599 2575 sociis
627 2541 798 2575 Ministro
826 2539 988 2583 praesidi
1014 2539 1150 2574 Baroni
1179 2539 1347 2574 Gautsch
1368 2541 1403 2574 et
1422 2539 1593 2576 Ministro
1618 2538 1876 2573 Instructionis
1895 2539 1930 2572 et
1949 2537 2084 2572 Cultus

316 2588 435 2631 Equiti
462 2589 618 2622 Doctori
647 2587 774 2622 Hartel
800 2588 1046 2631 propositam,
1067 2587 1168 2621 iuxta
1187 2586 1440 2622 Protocollum
1468 2586 1797 2630 stenographicum
1816 2585 2082 2627 Delegatornm

313 2635 679 2670 Vindobonensium.

463 2682 654 2717 Parochus
681 2682 826 2717 Tervici
854 2681 1418 2726 Tergestin.-Justinopolitanae
1447 2681 1669 2715 dioeceseos
1696 2690 1796 2714 anno
1820 2679 1904 2714 1901
1929 2680 2086 2714 testatus

317 2731 384 2770 est,
413 2729 457 2763 de
484 2729 737 2773 prohibitione
764 2729 1059 2773 praelectionum
1087 2728 1235 2773 linguae
1261 2728 1556 2772 palaeoslavicae
1582 2728 1619 2761 in
1647 2727 1852 2762 Seminario
1881 2725 2084 2761 Goritiensi

316 2777 617 2811 enimadvertens
653 2777 904 2822 „prohibitum
942 2776 1051 2810 nobis
1090 2775 1158 2810 fuit
1197 2776 1390 2810 addiscere
1427 2774 1713 2820 Olagoliticum,
1747 2776 1782 2809 et
1820 2773 1980 2817 proinde
2018 2783 2084 2807 ne-

317 2824 489 2858 cessitate
517 2824 635 2858 coacti
663 2824 799 2859 utimur
827 2823 960 2858 Sc'avet
987 2826 1023 2858 et
1048 2823 1127 2858 aliis
1154 2822 1254 2857 libris
1281 2823 1470 2867 liturgicis,
1498 2823 1634 2867 quibus
1660 2821 1860 2856 utebantur
1878 2823 1912 2855 et
1931 2822 2085 2855 utuntur

319 2870 375 2904 alii
404 2871 620 2952 szcerdotes
649 2873 683 2905 et
710 2872 818 2905 etiam
847 2871 1037 2914 Episcopi,
1065 2871 1127 2915 qui
1162 2869 1311 2905 fuerunt
1347 2873 1381 2904 et
1417 2870 1514 2911 sunt,
1552 2869 1640 2904 dum
1681 2869 1716 2903 in
1755 2878 1842 2902 cura
1877 2868 2082 2903 animarum

316 2927 421 2951 versa
453 2920 590 2953 antur.“

785 3026 844 3066 66
868 3038 908 3066 α.
948 3026 1085 3076 1863,
1121 3027 1149 3066 5
1171 3024 1302 3079 ]ιι[ἱί,
1339 3024 1614 3078 Zagrabiae.

463 3120 608 3169 Quum
646 3119 783 3159 clerus
806 3121 1105 3170 Zagrabiensis
1139 3121 1393 3160 dioeceseos
1426 3131 1506 3159 nec
1539 3131 1625 3158 non
1660 3120 1880 3158 comitatus
1915 3121 1952 3157 et
1985 3118 2081 3156 civi-

318 3194 418 3228 tates
463 3191 653 3230 eiusdem
701 3192 956 3230 dioeceseos
1003 3192 1276 3241 petitionibus
1320 3203 1430 3230 anno
1481 3192 1588 3230 1862
1633 3193 1671 3229 et
1718 3190 1826 3228 1863
1872 3189 2081 3238 episcopo

318 3260 590 3308 Zagrabiensi
627 3262 826 3300 cardinali
862 3261 1055 3312 Georgio
1091 3260 1241 3301 l-laulik
1275 3261 1327 3300 de
1350 3259 1538 3311 Varallya
1561 3259 1765 3310 porrectis
1800 3259 2080 3309 expetiissent,
