2191 3434
530 341 1065 388 Glagolito-Romanae
1114 341 1270 376 XVII.
1321 353 1355 377 s.
1760 344 1802 377 49

38 494 170 525 senza
199 482 479 535 aggiungervi
511 482 622 523 altra
650 495 803 535 acqua,
827 483 860 523 il*
888 482 966 523 che
990 482 1175 523 essendo
1210 484 1364 523 contra
1397 482 1423 522 il
1449 443 1532 523 iito
1571 482 1683 523 della
1715 483 1852 524 Santa

39 539 214 591 Chiesa,
245 540 273 580 li
307 540 687 581 commandiamo“
741 543 819 582 etc.

177 620 277 654 Acta
303 618 450 665 Synodi
485 618 721 654 Absor-ensis
759 631 782 654 a
805 619 966 659 Joanner
987 619 1033 653 de
1059 618 1206 653 Rubeis
1225 618 1406 665 episcopo
1427 618 1643 654 celebratae
1669 631 1713 654 ac
1747 621 1852 666 typis

37 665 142 701 edita
180 664 372 700 Cardinali
408 665 516 699 Dens
553 671 714 711 patrono
741 665 928 700 dedicata.
963 663 1034 700 Cfr.
1062 665 1219 707 Farlati,
1259 664 1456 710 Illyricum
1491 665 1660 708 Sacrum,
1695 666 1739 700 V.
1764 667 1850 711 220,-

38 711 180 755 Salata‚
205 712 246 746 L'
263 711 393 746 antica
417 711 563 746 diocesi
589 712 627 745 di
654 712 798 747 Ossero
825 723 845 746 e
870 712 908 746 la
933 711 1092 757 liturgia
1117 711 1236 754 stava,
1261 724 1295 757 p.
1324 711 1399 745 101.

687 830 784 869 167.
819 830 951 877 1660,
979 827 1025 868 in
1058 820 1209 869 Ιὲινῖα.

173 923 285 964 Usus
315 921 518 974 liturgiae
551 921 1026 974 Glagolito-Romanae
1058 920 1101 961 in
1134 920 1325 962 dioecesi
1343 921 1726 974 Justinopolitana‚
1762 923 1846 964 Pa-

37 991 226 1041 rentina,
259 991 544 1033 Aemoniensi
577 1004 627 1032 ac
658 990 902 1032 Petenensi.

176 1073 397 1114 Dioecesis
430 1072 802 1125 Justinopolitana
838 1072 1019 1125 „exigua
1063 1073 1237 1114 duobus
1275 1075 1446 1114 tantum
1493 1061 1665 1130 oppidi-s
1688 1062 1849 1127 'conti-

36 1132 178 1172 netur.
202 1131 417 1184 Reliquae
440 1131 683 1173 Parochiae
705 1131 915 1172 tredecim
939 1133 1052 1181 sunt,
1084 1134 1125 1172 et
1156 1132 1200 1172 in
1224 1132 1290 1172 his
1308 1144 1431 1173 sacra
1448 1129 1619 1184 Illyrico
1638 1121 1849 1164 ldlofflate

37 1188 329 1239 celebrantur,
362 1190 565 1242 quamuis
607 1189 777 1230 incolae
817 1188 1011 1230 Italicam
1052 1189 1246 1242 linguam
1295 1203 1383 1230 non
1427 1184 1656 1241 ignorent3
1701 1182 1848 1243 tam-en

34 1246 233 1300 plerique
266 1260 319 1288 ex
370 1247 537 1300 Illyrico
585 1247 670 1288 huc
712 1247 1122 1300 commigraverunt,
1173 1261 1223 1289 ac
1263 1247 1451 1301 proinde
1492 1247 1640 1299 lingua
1681 1235 1851 1290 ῙῙῙὲἹἾΟᾶ

37 1304 125 1346 fere
157 1305 436 1358 loquuntur.“

173 1363 398 1405 Dioecesis
431 1362 670 1404 Parentina
705 1362 876 1415 „ampla
918 1363 1021 1404 satis
1065 1363 1278 1405 dioecesis
1322 1366 1386 1405 est
1418 1387 1472 1392 —
1512 1387 1552 1392 —
1595 1373 1755 1414 magna
1798 1372 1849 1400 ex

33 1423 159 1474 parte
190 1419 360 1475 Illyrica
391 1423 519 1462 utens
550 1421 738 1473 lingua.“

172 1479 394 1521 Dioecesis
424 1479 733 1520 Aemoniensis
770 1481 1062 1532 „perangusta
1103 1483 1176 1520 est.
1223 1479 1334 1520 Sunt
1377 1479 1418 1520 in
1464 1492 1514 1520 ea
1557 1477 1724 1531 oppida
1764 1474 1847 1516 tria

35 1539 76 1578 et
108 1537 191 1579 vici
218 1537 384 1586 decem,
417 1537 460 1578 in
500 1537 660 1590 quibus
704 1537 907 1578 omnibus
940 1540 1041 1578 sunt
1082 1538 1359 1590 parochiales
1402 1536 1625 1583 ecclesiae,
1661 1547 1847 1588 quarum

33 1595 222 1637 Parochi
253 1599 353 1637 sunt
386 1595 541 1649 Illyrici
575 1597 616 1637 et
648 1595 814 1649 Illyrica
846 1595 995 1647 lingua
1026 1596 1316 1637 dioecesanos
1348 1596 1610 1636 instruunt.·'‘

173 1654 396 1695 Dioecesis
427 1653 696 1695 Petenensis.
747 1653 906 1704 „Sacra
949 1654 1169 1707 plerisque
1211 1654 1254 1694 in
1303 1654 1407 1694 locis
1454 1653 1585 1706 hujus
1634 1649 1847 1692 dioecesis

36 1711 92 1752 ob
123 1711 298 1764 linguae
330 1712 510 1754 Latinae
544 1711 806 1765 imperitiam
840 1714 881 1752 et
913 1712 1194 1753 sacerdotum
1219 1712 1413 1765 inopiam
1435 1710 1609 1765 Illyrico
1635 1709 1845 1750 idiomate

36 1769 323 1812 celebrantur.
335 1774 351 1790 “

172 1861 340 1908 Ughelli‚
365 1861 479 1895 Italia
505 1861 632 1903 Sacra.
662 1860 758 1904 1660,
786 1860 829 1896 V.
858 1861 934 1903 102,
961 1861 1038 1895 227.
1064 1861 1142 1905 330,
1168 1861 1246 1905 395,
1272 1861 1350 1896 470.

451 1957 550 1998 168.
582 1958 707 2005 1661,
739 1968 873 1997 mense
908 1956 1033 2009 Masi,
1066 1955 1420 2009 Justz'nopole'tan.

171 2037 220 2079 In
254 2039 508 2081 Visitatione
541 2038 739 2080 Generali
773 2026 997 2080 Cano'nica
1030 2039 1286 2080 dioeceseos
1317 2037 1715 2091 Justinopolitanae
1752 2037 1843 2091 epi-

37 2118 173 2161 scopo
206 2108 439 2150 Francisco
473 2109 591 2149 Zeno
624 2108 891 2161 praesentati
924 2111 1025 2149 sunt
1056 2108 1153 2149 libri
1185 2108 1394 2160 liturgici:

42 2176 198 2228 „Corte
231 2178 271 2220 d'
290 2177 430 2220 Isola:
464 2179 634 2220 Messali
667 2179 774 2219 due:
808 2191 896 2219 uno
931 2178 1108 2219 schiavo
1133 2176 1310 2232 [Slavo]
1336 2180 1375 2218 et
1400 2191 1458 2218 un
1481 2178 1642 2225 latino3
1666 2177 1842 2218 Rituale

176 2252 220 2294 in
252 2254 430 2296 schiavo
466 2253 654 2309 [Slavo].

39 2309 315 2353 Carchuzze:
345 2312 515 2354 Messali
539 2312 731 2353 Numero
754 2312 803 2353 4:
828 2324 887 2352 un
909 2311 1045 2352 latino
1070 2325 1092 2352 e
1114 2314 1179 2353 tre
1202 2311 1365 2352 schiavi
1389 2310 1550 2366 [Slavi]
1576 2324 1634 2352 un
1656 2311 1844 2352 Rituale.

39 2367 83 2409 S.
115 2369 252 2411 Maria
285 2369 534 2412 Villanova:
570 2369 740 2411 Messali
773 2369 895 2410 latini
928 2369 1120 2410 Numero
1155 2373 1219 2410 tre
1261 2383 1283 2410 e
1327 2370 1493 2410 schlavi
1537 2368 1697 2423 [Slavi]
1740 2382 1843 2409 uno.

38 2425 228 2469 Pedena:
262 2428 433 2469 Messali
466 2430 657 2481 quattro,
683 2427 769 2468 due
801 2428 964 2469 schiavi
997 2426 1157 2482 [Slavi]
1193 2429 1234 2468 et
1267 2428 1352 2468 due
1384 2427 1518 2468 latini.

41 2483 214 2526 Monte:
248 2485 419 2527 Messali
451 2488 529 2535 tre,
561 2498 650 2527 uno
686 2486 752 2526 de‘
774 2486 891 2538 quali
922 2486 965 2526 in
986 2485 1134 2538 lingua
1166 2486 1343 2527 schiava
1377 2484 1564 2540 [Slava],
1589 2497 1647 2525 un
1669 2484 1843 2525 Rituale

175 2546 216 2584 et
248 2556 306 2584 un
341 2543 608 2586 Schiavetto.
1700 2566 1703 2567 ν

39 2597 83 2641 S.
116 2599 264 2642 Pietro
299 2602 341 2644 di
365 2602 533 2644 Pason:
558 2601 731 2643 Messali
755 2603 832 2650 tre,
855 2614 943 2642 uno
968 2601 1145 2642 schiavo
1169 2600 1345 2656 [Slavo]
1371 2603 1411 2641 et
1435 2600 1461 2640 li
1485 2600 1580 2642 altri
1604 2600 1690 2640 due
1712 2599 1845 2640 latini.

172 2658 239 2700 Un
270 2659 444 2702 Rituale
477 2662 518 2701 et
549 2673 608 2701 un
641 2659 937 2709 Schiavetto“‚

175 2752 351 2795 Pesante‚
378 2750 435 2786 La
460 2751 619 2798 liturgia
644 2751 767 2793 slava,
790 2750 865 2784 132.

517 2869 612 2908 169.
645 2869 769 2918 1661,
802 2869 826 2908 1
856 2867 1055 2921 Auyzcsti,
1088 2866 1364 2920 Jastinopolt.

177 2960 438 3002 Franciscus
461 2961 579 3002 Zeno
605 2961 838 3014 episcopus
857 2960 1252 3013 Justinopolitanus
1277 2961 1319 3001 in
1342 2958 1552 3002 relatione
1567 2956 1842 3000 ‘Visitationis

39 3028 97 3070 ad
118 3029 288 3072 Limina
319 3031 632 3084 Apostolorum
658 3030 699 3072 S.
727 3030 882 3083 Congr.
911 3030 1093 3071 Concilii
1118 3031 1171 3071 de
1194 3033 1309 3070 statu
1333 3030 1586 3070 dioeceseos
1610 3029 1839 3069 certiorem

42 3098 244 3148 reddens,
277 3101 428 3142 refert:

182 3180 293 3230 „Sex
325 3181 409 3222 alia
440 3180 708 3222 monasteria
737 3192 814 3220 seu
856 3179 1177 3231 Religiosorum
1223 3182 1465 3219 convontus
1509 3180 1609 3218 sunt
1652 3177 1694 3217 in
1738 3176 1840 3217 civi-

43 3237 130 3277 tate
163 3263 215 3268 —-
249 3263 291 3268 —
330 3239 548 3280 Minorum
573 3237 891 3279 observantiae
916 3237 1049 3277 Tertii
1076 3237 1253 3278 Ordinis
1278 3238 1320 3277 S.
1344 3236 1576 3283 Francisci,
1601 3235 1672 3287 qui
1699 3234 1843 3286 lingua
