2191 3434
572 306 1108 355 Glagolito-Romanae
1157 306 1314 342 XVII.
1365 319 1400 342 s.
1794 308 1837 344 27

92 369 168 376 2-—

79 449 293 492 Romanis
314 449 617 499 Pontificibus,
642 449 838 490 similiter
858 447 1274 502 praedecessoribus
1297 446 1472 497 nostris,
1495 448 1645 497 factas,
1669 451 1710 490 et
1733 462 1883 491 eorum

79 509 214 550 literis
245 507 510 561 Apostolicis
532 508 815 560 approbatas,
840 507 1058 557 correctis,
1094 506 1281 554 Missale‚
1307 506 1428 559 quod
1466 507 1671 548 Romano
1706 520 1884 560 prorsus

82 566 305 608 conforme
334 568 460 614 esset,
494 566 714 618 componi,
746 565 940 618 illudque
962 564 1160 618 praefato
1186 565 1395 605 idiomate
1418 564 1654 614 slavonico,
1678 565 1734 606 ad
1757 578 1884 606 usum

81 628 122 666 et
155 624 436 665 commodum
472 624 725 664 eorumdem
762 622 1120 664 Christifidelium
1145 622 1450 672 Ecclesiarum,
1483 622 1682 663 locorum
1716 626 1757 663 et
1780 636 1883 675 pro-

81 682 338 730 vinciarum,
382 681 456 722 ubi
499 682 711 722 hactenus
753 681 951 734 praefato
996 681 1206 722 idiomate
1249 680 1517 721 celebratum
1560 680 1652 729 fuit,
1695 680 1884 734 imprim,

81 743 296 782 curarent.
330 739 454 789 Quae
487 740 633 780 omnia
666 752 801 792 quum
824 739 1007 792 praefati
1033 738 1285 780 Cardinales
1311 738 1540 790 diligenter
1571 739 1884 791 praestiterinti

80 799 233 840 eadem
266 811 346 851 per
374 798 595 851 praefatos
639 796 908 847 Cardinales,
951 799 991 837 et
1023 797 1094 850 pie
1127 800 1168 837 et
1215 799 1419 837 accurate
1452 796 1494 837 in
1526 797 1778 849 praemissis
1813 811 1883 838 or-

81 855 231 898 di‘nata
263 859 305 896 et
337 858 458 908 gesta
480 856 793 908 approbantes,
816 868 866 896 ac
888 854 1134 908 praefatum
1155 854 1327 895 Missale
1349 854 1579 907 antiquum
1603 855 1882 907 abrogantes,

80 918 203 955 motu
235 914 431 967 proprio,
480 917 521 953 et
564 927 615 954 ex
658 916 775 954 certa
817 913 998 954 scientia
1041 926 1090 954 ac
1137 915 1310 953 matura
1352 912 1667 954 deliberatione
1709 913 1882 962 nostris,

82 973 225 1025 deque
255 971 540 1024 Apostolicae
582 971 812 1024 potestatis
854 971 1141 1024 plenitudine,
1184 970 1467 1023 antiquorum
1516 970 1756 1012 Missalium
1791 971 1883 1013 Sla-

79 1030 224 1072 vonici
255 1029 477 1071 idiomatis
509 1032 598 1070 tam
632 1029 944 1082 impressorum
978 1042 1109 1082 quam
1142 1028 1543 1080 manuscriptorum
1568 1042 1709 1077 usum,
1729 1033 1883 1070 tenore

78 1088 388 1141 praesentium,
412 1087 492 1128 sub
526 1087 837 1140 indignationis
879 1090 1069 1137 nostrae,
1103 1100 1153 1127 ac
1185 1086 1280 1128 aliis
1322 1087 1490 1128 arbitrii
1523 1087 1674 1137 nostri,
1710 1087 1797 1128 imo
1832 1087 1881 1128 iis

79 1146 208 1188 etiam
239 1146 409 1199 poenis,
442 1159 554 1198 quae
587 1145 843 1186 oerumdem
865 1145 931 1186 Pii
954 1148 995 1185 et
1019 1145 1252 1186 Clementis
1284 1144 1674 1197 praedecessorum
1707 1148 1882 1186 nostro-

79 1217 175 1245 rum
203 1203 336 1246 literis
369 1204 661 1252 continentur,
708 1206 861 1244 tenore
893 1203 1204 1255 praesentium,
1251 1203 1426 1255 penitus
1460 1206 1501 1244 et
1535 1203 1715 1244 omnino
1748 1203 1882 1244 inter-

80 1262 278 1303 dicimus.
302 1262 534 1303 Praeterea
556 1261 638 1302 sub
668 1261 830 1302 eisdem
853 1261 1007 1313 poenis
1031 1274 1082 1302 eo
1106 1261 1201 1314 ipso
1226 1261 1393 1313 absque
1415 1261 1563 1314 aliqua
1586 1261 1883 1302 declaratione
1911 1281 1914 1284 ⁴

79 1320 364 1369 incurrendis,
395 1319 653 1372 Apostolica
684 1319 946 1360 auctoritate
978 1319 1231 1360 earumdem
1265 1322 1416 1360 tenore
1447 1318 1745 1372 praesentium
1778 1332 1882 1372 pro-

78 1378 280 1419 hibemus
313 1378 517 1418 omnibus
550 1380 591 1418 et
622 1377 801 1429 singulis
834 1377 1103 1431 Presbyteris
1136 1380 1177 1417 et
1210 1375 1398 1427 Clericis,
1431 1380 1520 1418 tam
1554 1378 1881 1426 Saecularibus,

79 1449 212 1490 quam
256 1436 445 1490 cujusvis
493 1435 684 1483 Ordinis,
728 1434 1102 1487 Congregationis,
1146 1434 1380 1476 Societatis
1425 1438 1466 1476 et
1509 1434 1717 1486 Instituti,
1752 1436 1882 1477 etiam

79 1493 256 1547 speciali
287 1497 394 1535 nota
441 1493 582 1546 dignis
622 1493 929 1545 Regularibus,
973 1493 1209 1534 earundem
1259 1493 1565 1544 Ecclesiarum,
1603 1493 1802 1535 locorum
1842 1497 1883 1535 et

78 1551 416 1605 provinciarum,
449 1551 525 1592 ubi
557 1551 783 1600 haetenus,
818 1553 864 1591 ut
895 1551 1139 1604 praefertur
1169 1552 1367 1604 praefato
1402 1551 1611 1593 idiomate
1647 1552 1880 1593 Slavonico

79 1610 346 1651 celebratum
378 1609 471 1658 fuit,
505 1622 560 1650 ne
594 1609 752 1662 elapsis
787 1611 887 1650 octo
921 1609 1145 1650 mensibus
1177 1623 1203 1650 a
1232 1609 1301 1650 die
1332 1609 1643 1662 publicationis
1675 1623 1882 1662 praesen-

78 1669 186 1709 tium
220 1668 263 1708 in
295 1667 425 1717 Urbe,
459 1667 557 1718 alio,
592 1680 722 1720 quam
747 1667 969 1721 hujsmodi
992 1680 1107 1708 novo
1141 1667 1315 1717 Missali,
1339 1667 1419 1707 nisi
1446 1668 1679 1709 maluerint
1711 1668 1881 1717 Latino,

78 1728 269 1767 utantor.
302 1726 471 1767 Romae
500 1728 618 1778 apud
652 1725 861 1766 Sanctam
893 1725 1074 1767 Mariam
1108 1725 1315 1780 Majorem
1353 1726 1422 1766 die
1470 1726 1537 1768 029.
1570 1726 1732 1779 Aprilis
1759 1726 1880 1776 1631,

77 1782 362 1825 Pontificatus
394 1784 530 1825 nostri
563 1796 679 1824 anno
713 1785 884 1824 octavo.

215 1863 373 1898 Missale
399 1862 618 1897 Romanum
644 1862 842 1897 slavonico
868 1863 1051 1897 idiomate
1072 1863 1188 1909 jussu
1215 1863 1279 1898 SS.
1319 1863 1364 1897 D.
1392 1863 1434 1897 N.
1465 1864 1591 1910 Papae
1619 1864 1761 1899 Urbani
1788 1864 1882 1898 VIII

79 1909 235 1952 editum,
260 1910 364 1956 typis
391 1910 426 1944 S.
454 1909 780 1955 Congregationis
811 1909 1091 1955 Propagandae
1109 1909 1228 1954 Fidei,
1255 1910 1402 1944 Romae
1430 1910 1536 1954 16313
1564 1910 1636 1946 Cfr.
1665 1911 1882 1955 Asseinani,

77 1956 162 2000 Kal,
187 1956 289 1991 Eccl.
317 1956 440 1999 Univ.,
469 1956 494 1999 I,
521 1956 669 1990 Romae
697 1956 795 1994 1755,
822 1956 898 1990 llo'.

571 2075 643 2115 88.
674 2074 806 2122 1632,
836 2074 898 2114 22
929 2072 1186 2124 Novembris,
1218 2072 1387 2115 Romae.

214 2165 264 2208 In
297 2167 640 2220 congreqatione
676 2169 798 2209 maa
831 2166 874 2208 S.
921 2166 1283 2219 Congregationis
1326 2167 1455 2220 Prop.
1489 2167 1613 2208 Fidei
1645 2168 1882 2221 perlegitur

79 2236 261 2289 epistola
293 2237 523 2278 cuiusdom
555 2237 773 2290 Anonymi
807 2236 1038 2291 [Ragusini
1063 2236 1104 2277 in
1127 2236 1244 2278 Urbe
1267 2237 1618 2292 commorantis]‚
1654 2250 1741 2290 qua
1763 2250 1878 2278 nova

79 2305 210 2347 editio
243 2306 491 2359 Epistolarii
525 2306 682 2348 Slavici
715 2306 903 2359 vulgaris
937 2306 1160 2356 suadetur,
1206 2306 1292 2347 iam
1326 2308 1381 2348 ob
1417 2307 1753 2360 archiepiscopo
1789 2307 1878 2347 Ra-

78 2375 266 2427 gusiensi
299 2375 342 2416 in
375 2375 634 2417 Visitatione
666 2376 723 2418 ad
754 2376 923 2417 Limina
954 2375 1183 2428 proposita
1224 2379 1407 2430 propter
1450 2377 1604 2418 Slavos
1639 2377 1878 2418 catholicos

78 2444 121 2485 in
154 2444 330 2486 Oriente
363 2448 406 2486 et
452 2445 495 2486 in
542 2445 734 2487 Levante
781 2446 862 2487 sub
906 2446 1111 2487 Dominio
1144 2447 1385 2488 Turcarum
1430 2447 1542 2488 inter
1574 2446 1877 2488 schismaticos

80 2514 299 2567 degentes.

219 2607 584 2658 „Eminentissimi
619 2620 641 2648 e
672 2608 1040 2649 Reverendissimi
1074 2608 1275 2662 Signoril

214 2677 411 2718 Essendo
443 2691 521 2730 per
551 2677 696 2719 antica
726 2678 962 2719 traditione
994 2681 1108 2719 stato
1143 2692 1351 2720 concesso
1385 2679 1468 2719 alla
1500 2678 1678 2719 natione
1711 2677 1878 2729 Illyrica

79 2733 121 2774 di
153 2734 395 2776 dichiarare
426 2735 454 2775 li
486 2736 690 2788 Evangeli
724 2748 746 2776 e
778 2736 817 2776 le
849 2736 1042 2788 Epistole
1066 2737 1133 2777 nel
1166 2738 1259 2777 loro
1294 2737 1471 2785 idioma,
1506 2736 1663 2788 poiche
1695 2736 1873 2787 pochis-

78 2791 171 2832 simi
205 2792 446 2834 intendono
478 2793 628 2843 latino,
662 2796 703 2834 et
736 2794 958 2834 essendosi
983 2795 1080 2835 dall'
1107 2795 1317 2836 antichita
1350 2795 1418 2835 dcl
1450 2797 1599 2845 tempo
1633 2794 1877 2834 adalterate

77 2848 115 2889 le
147 2849 250 2891 reali
284 2863 306 2891 e
338 2851 503 2892 sincere
536 2851 862 2901 dichiarazioni,
897 2865 969 2892 era
999 2852 1256 2900 introdotto,
1291 2852 1368 2892 che
1402 2852 1427 2892 li
1461 2851 1677 2892 sacerdoli
1712 2864 1876 2890 ancora

79 2906 158 2948 che
188 2908 406 2960 ignoranti
439 2922 491 2949 ex
525 2911 720 2962 tempore
753 2909 1066 2950 dichiaravano
1110 2910 1215 2950 detti
1249 2910 1453 2960 Evangeli
1488 2913 1529 2949 et
1564 2909 1755 2961 Epistole
1793 2921 1874 2948 con

79 2966 322 3017 corruptele
353 2979 474 3016 vane,
517 2966 711 3014 ridicole‚
753 2980 775 3007 e
818 2968 941 3019 quasi
983 2967 1204 3008 lieretiche
1251 2967 1610 3019 interpretationi.
1646 2966 1875 3005 L'arrive-

77 3034 208 3064 scovo
254 3023 468 3065 moderno
516 3024 559 3064 di
602 3024 778 3076 Ragusa
824 3038 902 3077 per
944 3025 1174 3066 rimediare
1207 3039 1231 3066 a
1269 3028 1424 3077 questo
1457 3026 1595 3065 abuso
1630 3037 1706 3075 per
1739 3023 1873 3063 dritto

77 3080 252 3132 publico
284 3081 473 3133 prohibi,
506 3081 584 3122 che
616 3095 777 3123 nessun
823 3083 1052 3123 sacerdote
1098 3085 1272 3135 potesse
1307 3082 1548 3123 dichiarare
1584 3082 1703 3120 detta
1738 3080 1872 3121 Serit-

77 3138 174 3179 tura
205 3150 250 3179 se
280 3139 422 3190 prima
452 3151 540 3180 non
588 3140 701 3180 fosse
747 3139 895 3180 rivista
938 3142 978 3180 et
1020 3143 1262 3192 approvata
1306 3154 1327 3180 c
1371 3153 1424 3179 ne
1468 3139 1593 3179 diedo
1628 3141 1756 3177 conto
1791 3137 1876 3177 alla

20 3231 30 3237 ,,
80 3193 213 3237 Sacra
245 3193 595 3249 Congregatione
628 3198 682 3238 de
714 3197 1007 3250 Propaganda
1038 3198 1157 3246 Fide,
1190 3198 1231 3239 la
1263 3198 1393 3250 quale
1426 3196 1451 3236 li
1486 3196 1655 3245 ordino,
1689 3195 1766 3235 che
1799 3194 1874 3236 de-
