2243 3444
371 315 437 349 102
984 310 1160 344 Fontes
1188 308 1431 350 Liturgiae

324 462 415 510 gIae
457 457 932 508 Glagolito-Romanae
977 453 1185 503 praesenti
1229 455 1358 491 aetate
1405 452 1634 500 praecipue
1677 462 1755 500 pro
1801 448 2008 500 religione
2053 454 2095 489 et

324 530 501 571 ecclesia
545 529 657 579 apud
689 528 864 568 Croatas
893 525 1158 564 necessarius
1194 527 1267 571 est,
1300 525 1442 562 votum
1476 522 1701 572 depromit,
1731 525 1773 561 ut
1795 519 2093 560 benevolentia

323 602 361 642 S.
385 602 506 642 Sedis
541 612 641 639 usus
675 599 785 638 idem
820 609 905 636 non
939 599 1094 635 tantum
1130 597 1403 634 conservetur
1437 593 1513 633 sed
1548 594 1669 632 etiam
1704 590 1907 633 dilatetur.

464 672 503 710 11.
540 669 797 719 RezoluciJa:
843 666 1127 717 Zahvaljujuc'i
1163 665 1424 715 Gospodinu
1465 665 1587 714 Bogu
1622 665 1632 703 i
1666 676 1724 703 sv.
1750 662 1907 708 Stolici‚
1954 666 2018 702 sto
2051 664 2093 713 ie

324 732 533 769 Hrvatima
566 730 641 768 vec
675 741 699 767 u
736 728 900 767 davnini
936 727 1043 765 dana
1075 729 1113 764 te
1148 738 1172 764 u
1197 724 1407 775 najnovije
1433 724 1548 763 doba
1574 723 1851 762 okruinicom
1890 722 2092 772 „Grande

324 791 503 828 Munus“
542 790 551 828 i
587 787 809 827 Odlukom
844 799 901 826 sv.
924 786 1064 824 Zbora
1097 797 1144 823 za
1179 784 1342 823 obrede
1377 783 1433 822 od
1459 784 1527 821 22.
1553 786 1730 832 augusta
1759 783 1881 821 1900.
1907 782 2093 832 priznata

323 849 563 898 povlastica‚
605 847 656 886 da
703 858 834 895 mogu
881 843 1031 884 sluibu
1077 844 1207 894 ssoiju
1255 843 1449 891 obavlJati
1484 855 1508 881 u
1543 853 1664 880 svom
1699 840 2090 880 staroslovenskom

321 907 455 957 jeziku
492 908 500 945 i
535 904 907 946 staroslovenskim
953 905 1152 953 pismom,
1199 903 1287 952 prvi
1323 901 1501 940 hrvatski
1535 900 1729 940 katolicki
1764 900 1954 939 sastanak
1988 899 2091 950 drffi,

323 967 374 1005 da
407 966 444 1015 Je
480 978 556 1004 ova
591 963 832 1015 povlastica,
868 974 1030 1013 napose
1065 974 1089 1001 u
1126 961 1326 1010 danaane
1362 961 1476 1000 doba
1509 972 1660 999 veoma
1694 963 1830 998 nuina
1861 961 1950 1010 ipo
1974 959 2089 1009 vjeru

322 1027 330 1063 i
378 1037 434 1075 po
478 1025 602 1063 crkvu
651 1023 792 1073 medju
838 1023 1061 1069 l-lrvatima‚
1105 1025 1142 1060 te
1186 1024 1308 1069 stoga
1352 1019 1556 1070 izjavljuJe
1597 1017 1727 1057 vruc'u
1774 1018 1894 1068 svoju
1937 1016 2044 1068 Zelju
2080 1018 2090 1057 i

322 1084 549 1133 pouzdanu
585 1083 710 1125 nadu,
746 1083 797 1121 da
833 1081 880 1120 c'e
915 1093 959 1120 se
993 1081 1042 1130 taj
1088 1080 1336 1130 dragocjeni
1380 1082 1544 1118 amanet
1585 1078 1817 1117 dobrotom
1851 1090 1908 1117 sv.
1935 1075 2092 1117 Stolice

324 1155 375 1182 ne
410 1155 529 1182 samo
565 1143 747 1181 uzdriati
780 1153 894 1190 nego
930 1141 939 1179 i
974 1140 1169 1190 prosiriti.

464 1213 609 1261 Quum
655 1214 759 1251 haec
804 1210 1020 1254 Resolutio
1071 1223 1151 1250 una
1198 1222 1293 1249 cum
1339 1210 1439 1248 actis
1485 1208 1677 1248 eiusdem
1728 1208 2003 1258 Congressus
2036 1207 2090 1246 ab

322 1286 648 1335 archiepiscopo
695 1284 968 1334 Zagrabiensi
1012 1282 1053 1324 S.
1088 1282 1186 1322 Sedi
1236 1279 1360 1320 relata
1408 1284 1530 1327 esset,
1577 1280 1655 1318 hae
1702 1279 1888 1330 desuper
1934 1277 2090 1318 litterae

322 1356 592 1406 responsales
627 1359 840 1394 emanatae
875 1358 981 1394 sunt.

509 1452 628 1492 Rmo
664 1451 776 1489 D.no
812 1450 1006 1499 Georgio
1043 1446 1255 1488 Posilovic'
1290 1447 1629 1496 Archiepiscopo
1664 1445 1927 1495 Zagrabiam.

326 1547 494 1593 58‚674.

913 1603 1040 1642 111.me
1076 1606 1113 1641 et
1146 1602 1261 1643 Rme
1297 1601 1501 1639 Domine!

465 1687 786 1727 Communicavi
821 1699 917 1725 cum
952 1686 1198 1725 Beatissimo
1246 1685 1362 1723 Patre
1397 1683 1563 1728 litteras,
1599 1681 1755 1731 quibus
1789 1692 1855 1719 me
1890 1680 1943 1719 de
1977 1677 2085 1720 felici

323 1747 429 1785 exitu
465 1744 657 1800 catholici
693 1746 885 1785 Croatiae
920 1749 1067 1784 coetus
1103 1743 1305 1783 docebas.
1346 1766 1389 1769 —
1430 1742 1483 1781 Ut
1514 1752 1615 1780 vero
1651 1752 1759 1790 quae
1782 1740 1937 1779 suntin
1961 1742 2086 1778 coetu

322 1809 464 1844 statuta
499 1809 679 1855 optatam
715 1805 1035 1854 secundamque
1057 1804 1238 1842 habeant
1259 1802 1602 1852 exequutionem,
1624 1800 1695 1839 tibi
1721 1803 1760 1838 et
1782 1799 1987 1837 universis
2015 1798 2087 1848 qui

323 1865 360 1903 in
407 1876 458 1903 eo
506 1865 734 1911 adfuerant,
769 1861 1059 1914 Apostolicam
1105 1861 1446 1901 benedictionem
1488 1861 1634 1898 iterum
1671 1859 1785 1897 omni
1833 1857 1981 1896 affectu
2011 1858 2087 1896 im-

324 1923 507 1972 pertitur.
542 1924 634 1962 Tibi
668 1923 799 1962 fausta
834 1934 1030 1972 quaeque
1055 1934 1075 1960 a
1100 1922 1290 1960 Domino
1325 1920 1591 1969 adprecatus,
1616 1929 1682 1956 me
1709 1917 1846 1956 libens
1869 1916 2085 1967 profiteor.

325 1984 495 2030 Romae,
537 1984 598 2022 15.
623 1982 876 2032 septembris
916 1982 1037 2020 1900.

1548 2047 1874 2086 Addictissimus

1402 2120 1457 2160 Μ.
1493 2118 1619 2159 Card.
1651 2115 1874 2168 ‘Rampolla
1908 2129 1961 2156 m.
1987 2129 2026 2167 p.

464 2203 614 2247 Stjepan
643 2202 816 2245 Korenic',
846 2203 927 2237 Psvi
957 2201 1117 2236 hrvatski
1146 2201 1319 2235 katolicki
1347 2198 1522 2234 sastanak
1543 2198 1757 2233 obdriavan
1779 2208 1801 2231 u
1822 2196 1994 2241 Zagrebu
2015 2195 2088 2230 dne

321 2252 353 2291 3,
382 2254 413 2286 4.
442 2252 449 2284 i
478 2254 509 2285 5.
537 2251 655 2294 Rujna
682 2250 823 2295 godine
850 2250 952 2292 1900,
979 2249 1125 2293 Zagreb
1157 2249 1254 2290 1900,
1283 2258 1318 2291 p.
1340 2248 1380 2281 21
1405 2257 1466 2288 ss.‚
1494 2246 1573 2280 428.

851 2395 953 2435 II5.
994 2391 1339 2441 1893—1900,
1374 2388 1560 2434 Romae.

2136 0 2190 225 ἲ

2187 146 2191 183 l

2163 230 2192 300 {³

2167 306 2192 352 ξ,

2169 393 2184 453 >;

466 2490 611 2539 Quum
648 2489 774 2528 editio
811 2487 992 2528 Missalis
1027 2487 1444 2537 Glagolito-Romani
1475 2498 1495 2524 a
1518 2485 1726 2524 canonico
1752 2483 1910 2523 Carolo
1946 2481 2088 2521 Parcic'
2155 2471 2210 2522 ,Χ

325 2564 463 2599 curata
499 2560 586 2608 [cir.
613 2561 662 2600 N.
693 2562 787 2607 108]
824 2571 844 2598 a
879 2559 1135 2609 competenti
1170 2558 1313 2596 critico
1348 2557 1395 2596 V.
1420 2555 1550 2606 Jagic',
1587 2554 1830 2604 professore
1863 2553 2087 2593 Vindobo-

327 2632 468 2669 nensis
493 2631 791 2677 Universitatis,
819 2631 1100 2669 favorabiliter
1134 2631 1307 2679 excepta
1337 2627 1494 2674 fuisset,
1530 2626 1695 2665 occulte
1717 2636 1741 2664 a
1762 2624 1858 2663 viris
1882 2624 2088 2673 Liturgiae

327 2701 779 2749 Glagolito—Romanae
814 2701 985 2750 infestis,
1020 2701 1228 2739 anonimis
1262 2698 1403 2738 litteris
1438 2697 1477 2738 S.
1503 2696 1602 2736 Sedi
1637 2696 1843 2745 porrectis
1876 2695 2016 2733 dubiis
2051 2697 2090 2732 et

325 2772 650 2821 objectionibus,
682 2773 800 2821 quasi
826 2771 992 2810 mendis
1023 2770 1373 2819 antidogmaticis,
1408 2768 1676 2817 frasibusque
1710 2768 1750 2805 in
1785 2766 1826 2805 Β.
1848 2766 1895 2806 V.
1914 2765 2086 2804 Mariam

324 2846 361 2879 et
395 2841 463 2880 SS.
498 2842 734 2881 Trinitatem
782 2843 994 2881 iniurioris
1039 2844 1227 2887 scateret,
1274 2840 1477 2886 defertur;
1526 2850 1608 2887 qua
1642 2837 1695 2876 de
1729 2848 1855 2875 causa
1899 2835 2087 2874 secunda

324 2912 450 2950 editio
495 2912 685 2951 eiusdem
730 2913 910 2951 Missalis
951 2910 1385 2961 Glagolita-Romani
1432 2921 1453 2947 a
1488 2908 1526 2947 S.
1552 2907 1900 2957 Congregatione
1944 2905 2087 2944 Officii

323 2983 605 3031 suspenditur.

463 3049 596 3083 Archiv
625 3049 682 3083 fiir
708 3049 892 3084 slavische
920 3049 1125 3091 Philologie
1151 3048 1231 3083 XVI
1259 3048 1399 3090 (1893);
1438 3046 1659 3089 biographia
1686 3045 1869 3086 Dragutin
1898 3043 1939 3077 Α.
1960 3041 2088 3077 Parcit}

324 3096 378 3137 26,
405 3096 447 3137 V,
477 3096 671 3138 1832—25‚
698 3096 772 3138 XII,
802 3098 902 3138 1902,
932 3096 1003 3132 ΚΗ(
1034 3097 1133 3138 1903,
1160 3107 1197 3139 p.
1224 3096 1269 3129 24
1295 3105 1323 3130 s.
1343 3094 1487 3128 Fraude
1506 3093 1767 3127 anonimorum
1788 3090 2085 3126 adversariorum

325 3142 448 3176 Caroli
468 3142 593 3177 Parcic
622 3143 777 3185 detecta,
804 3144 907 3178 iussu
927 3143 980 3177 Pii
999 3154 1119 3186 papae
1137 3143 1169 3177 X
1196 3142 1327 3177 eadem
1356 3140 1523 3175 secunda
1549 3140 1662 3174 editio
1690 3137 1853 3173 Missalis
1880 3135 2087 3178 Glagolito'-

323 3189 476 3268 Rolmani
505 3200 633 3224 mense
668 3190 825 3231 Augusti
856 3191 956 3232 1905,
983 3190 1217 3233 approbante
1244 3188 1280 3224 S.
1301 3187 1605 3229 Congregatione
1634 3186 1679 3220 de
1707 3183 1959 3228 Propaganda
1986 3183 2086 3224 Fide,

322 3245 368 3268 vu
388 3238 470 3277 gata
497 3238 562 3270 est.
