2243 3444
399 335 422 369 4
1003 337 1183 371 Fontes
1230 335 1488 382 Liturgiae

784 479 823 518 4.
855 478 985 525 1702,
1018 478 1079 518 20
1116 475 1315 526 Octobris,
1361 474 1712 529 Justinopolitan.

491 580 653 622 Paulus
684 581 856 622 Naldini
900 581 1131 634 episcopus
1171 580 1562 632 Justinopolitanus
1594 580 1637 621 in
1670 580 1925 622 Visitatione
1975 581 2032 623 ad
2067 581 2142 622 Li-

352 649 471 691 mina
510 650 823 703 Apostolorum
871 650 914 691 S.
963 649 1353 702 Congregationem
1399 648 1582 689 Concilii
1629 649 1684 690 de
1725 652 1840 692 statu
1887 650 2141 704 dioeceseos

355 718 583 760 certiorem
615 719 816 769 reddens,
849 720 1000 760 refert:

494 810 647 861 „Anno
687 811 828 864 primo
871 811 998 865 hujus
1039 811 1224 852 labentis
1262 810 1433 851 triennii
1478 810 1728 862 generalem
1776 823 1900 852 meae
1932 811 2144 853 dioecesis

352 867 642 909 visitationem
688 869 965 921 reassumpsi‚
1012 882 1037 910 a
1079 868 1322 909 forensibus
1366 867 1591 920 parochiis
1641 880 1833 918 exorsus,
1881 881 2003 922 quas,
2051 869 2143 910 Deo

355 925 498 975 dante,
530 926 574 967 in
607 926 760 967 melius
792 927 991 967 redactas
1023 925 1176 977 reperi,
1221 927 1314 966 tum
1361 925 1508 977 quoad
1552 925 1807 978 spiritualia,
1840 938 1938 966 cum
1968 926 2144 979 plebani

352 983 553 1024 breviarii
597 983 789 1036 quodam
832 984 1065 1024 Doctrinae
1105 982 1377 1023 Christianae
1421 982 1710 1035 Compendio‚
1756 983 1868 1036 typis
1915 983 2145 1036 impresso,

351 1041 526 1094 provisi,
559 1040 725 1082 facilius
756 1042 993 1093 potuerint,
1016 1041 1061 1082 in
1092 1039 1307 1094 Illyricum
1331 1040 1496 1081 idioma
1517 1040 1590 1081 illo
1624 1052 1849 1089 converso,
1883 1041 2144 1083 commissos

351 1097 435 1139 sibi
466 1098 654 1151 populos
687 1099 981 1139 instruere....“

485 1188 764 1222 Authenticum
800 1189 839 1221 in
876 1187 1045 1222 Archivo
1086 1187 1121 1221 S.
1161 1187 1301 1233 Congr.
1329 1187 1490 1222 Concilii
1522 1188 1562 1221 in
1586 1187 1792 1222 Tabulario
1818 1188 2006 1222 Vaticano
2029 1186 2145 1233 juxta

354 1238 577 1280 excerptum
603 1234 871 1269 Crncicianum
897 1234 987 1268 anni
1014 1233 1112 1267 1892.

920 1374 959 1414 5.
992 1375 1292 1424 1701-1702,
1326 1373 1565 1414 Aemonicn.

491 1466 733 1519 Episcopus
765 1466 1070 1507 Aemoniensis
1101 1466 1307 1507 Nicolaus
1344 1466 1380 1506 II
1413 1465 1602 1508 Gabrieli
1644 1466 1686 1506 in
1718 1465 1980 1507 Visitatione
2012 1478 2143 1518 gene-

353 1535 431 1577 rali
463 1534 686 1577 Canonica
717 1535 960 1576 adinvenit:

495 1627 813 1679 „Verteneglio:
847 1628 912 1668 Un
944 1628 1124 1668 Messale
1155 1627 1289 1668 latino
1335 1630 1375 1668 et
1417 1640 1475 1668 un
1517 1628 1772 1677 schiavetto,
1805 1640 1863 1668 un
1891 1626 2067 1668 Rituale
2099 1627 2142 1666 et

354 1698 413 1726 un
443 1684 628 1726 Messale
661 1685 716 1726 da
746 1688 928 1726 morto.“

489 1774 667 1817 Pesan‘ce,
695 1774 751 1810 La
775 1775 933 1820 liturgia
958 1775 1077 1818 slava‚
1104 1775 1178 1809 140.

906 1917 943 1956 6.
976 1917 1106 1965 1703,
1139 1916 1194 1956 12
1213 1914 1341 1966 Julii,
1373 1914 1594 1956 Parentin.

488 1998 735 2049 Alexander
765 2007 995 2049 Adelasius
1027 2007 1259 2061 episcopus
1281 2008 1541 2049 Parentinus
1557 2007 1601 2048 in
1619 2006 1876 2048 Visitatione
1896 2007 1953 2048 ad
1974 2006 2143 2048 Limina

351 2077 667 2130 Apostolorum
701 2076 743 2117 S.
777 2076 1172 2129 Congregationem
1207 2076 1388 2118 Concilii
1421 2077 1474 2118 de
1493 2079 1608 2118 statu
1627 2077 1879 2117 dioeceseos
1912 2075 2140 2117 certiorem

352 2145 553 2194 reddens,
583 2145 732 2186 refert:

354 2294 382 2336 b
492 2236 566 2287 „In
597 2238 798 2279 universa
829 2238 1026 2279 Dioecesi
1069 2238 1228 2290 partim
1259 2238 1413 2280 Latino
1453 2238 1614 2291 partim
1655 2236 1813 2279 Illirico
1846 2236 2003 2278 Divina
2029 2236 2142 2278 celie-

386 2298 575 2336 rantur“.

488 2384 766 2419 Authenticum
791 2385 829 2418 in
854 2385 1023 2420 Archivo
1051 2386 1085 2420 S.
1106 2386 1428 2432 Congregationis
1447 2386 1609 2421 Concih'i
1633 2387 1674 2420 in
1697 2385 1904 2420 Tabulario
1925 2384 2143 2429 Vatican03

352 2429 467 2475 juxta
491 2430 755 2476 apographum
784 2431 1050 2465 Crncicianum
1076 2433 1165 2465 anni
1191 2432 1288 2466 1892.

786 2572 824 2610 7.
857 2572 983 2620 1705,
1017 2572 1045 2610 3
1076 2569 1327 2621 Decembris,
1359 2570 1710 2623 Justinopozitan.

490 2660 648 2701 Paulus
681 2661 852 2702 Naidini
886 2662 1117 2715 episcopus
1157 2663 1550 2716 Justinopolitanus
1592 2663 1636 2703 in
1682 2662 1940 2704 Visitatione
1986 2662 2042 2703 ad
2072 2660 2142 2702 Li-

353 2729 470 2770 mina
512 2730 823 2782 Apostolorum
867 2729 906 2770 S.
958 2729 1351 2783 Congregationem
1400 2731 1581 2773 Concilii
1629 2732 1683 2772 de
1725 2734 1840 2773 statu
1890 2731 2168 2779 dioeceseos]

355 2801 581 2840 certiorem
612 2800 813 2849 reddens,
845 2799 994 2840 refert:

495 2891 659 2946 „Hujus
693 2891 844 2945 (urbis)
879 2892 1029 2944 exigua
1064 2892 1287 2942 dioecesis,
1321 2893 1362 2934 in
1393 2907 1479 2946 qua
1510 2906 1598 2934 non
1631 2893 1713 2934 alia
1744 2895 1951 2945 personat
1980 2892 2159 2947 lingua‚j

355 2961 485 3002 quam
499 2947 668 2997 Illirica,
682 2949 882 3002 adeoque
905 2963 999 2990 cun]
1026 2950 1209 2991 arduum
1227 2949 1312 3004 (sit)
1330 2953 1376 2991 ut
1394 2951 1520 2992 alicui
1543 2951 1841 3004 plebivacanti
1855 2951 1909 2992 de
1926 2950 2143 3002 condigno

352 3006 546 3059 parocho
578 3007 820 3059 providere,
854 3007 907 3048 ab
941 3007 1119 3048 exordio
1164 3008 1345 3061 injuncti
1391 3009 1624 3060 regiminis,
1655 3008 1952 3050 necessarium
1983 3005 2150 3059 agnovi:

353 3064 564 3105 intentare
597 3065 855 3105 erectionem
891 3064 1095 3105 clericalis
1119 3064 1348 3106 Seminarii
1370 3078 1451 3118 pro
1484 3066 1638 3106 eadem
1661 3066 1807 3117 lingua
1828 3065 2136 3106 addiscenda.“

488 3154 764 3189 Authenticum
790 3156 829 3188 in
853 3154 1021 3189 Arc-hivo
1056 3155 1090 3188 S.
1126 3155 1265 3201 Congr.
1305 3156 1465 3191 Conoilii
1491 3156 1531 3190 in
1562 3155 1768 3192 Tabulario
1795 3156 2004 3202 Vaticano3
2024 3155 2140 3204 juxta

353 3205 575 3248 excerptum
601 3201 866 3237 Crnoicianum
891 3200 980 3236 anni
1006 3200 1101 3235 1892.
