2243 3444
363 311 408 348 28
966 309 1148 345 Fontes
1196 308 1453 356 Liturgiae

318 455 495 507 putasse
527 452 667 494 alcuni
701 451 920 492 sacerdott
951 450 1186 504 qualificati
1217 449 1260 490 in
1283 449 1440 491 canoni
1473 451 1516 491 et
1548 450 1736 502 teologia
1770 463 1793 491 e
1823 450 1939 491 nella
1959 449 2108 502 lingua

321 512 363 552 di
396 511 492 551 tutti
527 510 625 563 quei
657 509 774 562 paesi
808 522 831 549 3
866 508 948 549 tale
981 508 1140 555 effetto,
1175 520 1196 547 e
1219 510 1308 548 cosi
1340 507 1383 547 fu
1407 507 1526 556 fatto,
1559 507 1716 560 poiche
1748 508 1804 548 da
1835 507 1897 548 sei
1918 520 2108 560 persone

321 568 480 619 teologi
515 581 536 608 e
569 567 791 608 canoniste
824 580 846 606 e
878 565 1063 606 naturali
1097 566 1139 605 di
1173 565 1274 617 quei
1311 564 1460 616 luoghi
1491 577 1570 617 per
1601 565 1742 617 spatio
1776 565 1819 606 di
1851 568 1915 605 tre
1947 564 2050 605 anni
2074 565 2109 606 si

321 628 343 666 0
390 626 739 666 00011003010010
786 623 1040 675 travagliato
1087 623 1130 662 in
1177 622 1265 670 cio;
1314 635 1336 662 e
1379 624 1468 663 cosi
1507 622 1631 664 finita
1672 622 1792 663 detta
1835 634 1970 675 opera
2016 622 2109 663 sie

319 683 524 724 mandata
552 695 577 722 a
610 682 750 722 Roma
791 680 830 721 d’
851 680 1003 721 ordine
1049 692 1157 732 pure
1207 680 1249 720 01
1292 679 1412 721 (10113
1459 679 1594 721 Sacra
1627 679 2003 732 Congregatione3
2037 692 2109 720 ma

318 740 477 793 perche
509 739 665 785 alcuni,
698 752 723 779 a
769 738 882 791 quali
929 738 973 777 fu
1015 749 1258 778 commessa
1289 736 1329 778 13
1360 737 1576 778 revisione
1618 737 1661 778 di
1694 737 1815 778 detta
1847 750 1996 790 opera,
2030 749 2110 790 per

320 798 478 838 vedeie
510 811 554 838 se
587 796 622 837 ci
656 809 726 836 era
768 808 870 836 cosa
910 798 1061 836 contra
1105 794 1237 835 fidem
1276 807 1301 834 0
1333 795 1475 835 bonos
1517 807 1674 844 moreS,
1708 794 1887 842 dissero,
1923 794 2003 835 che
2036 807 2110 836 era

320 868 453 907 opera
483 856 665 902 buttata,
697 851 855 905 perche
886 865 975 893 non
1008 865 1080 893 era
1103 854 1314 893 carattere
1337 852 1379 892 di
1404 851 1445 892 S.
1481 851 1702 893 Girolamo
1735 865 1760 893 0
1794 851 1836 892 (11
1870 826 1912 893 S.
1939 851 2106 900 Cirillo,

321 913 364 953 fu
392 925 534 953 messa
566 924 591 952 a
623 914 757 962 parte
792 910 901 950 Pelo
936 923 1018 950 con
1051 910 1092 951 13
1122 912 1283 950 venuta
1315 909 1358 950 di
1391 910 1511 950 detto
1543 910 1821 950 arcivescovo
1853 910 1909 950 ad
1941 909 2108 958 limina,

324 971 451 1022 quale
479 970 535 1011 ha
566 970 829 1020 presentato,
863 967 942 1008 che
974 968 1093 1008 detta
1123 967 1270 1019 lingua
1302 969 1325 1007 0
1362 967 1605 1008 universale
1636 980 1714 1019 per
1743 969 1857 1008 tutto
1888 966 1914 1007 l'
1931 966 2110 1008 Oriente

323 1040 344 1067 e
376 1028 576 1074 Levante,
609 1039 631 1066 e
661 1025 1042 1078 particolarmente
1082 1038 1160 1077 per
1201 1024 1301 1077 quei
1333 1024 1454 1077 paesi
1495 1025 1564 1066 del
1597 1024 1756 1074 Turco,
1790 1024 1904 1065 dove
1935 1024 1970 1065 si
2003 1037 2108 1065 000-

322 1097 506 1126 servano
539 1095 699 1124 ancora
744 1083 865 1123 molti
906 1082 1022 1123 fideli
1066 1081 1267 1130 cattolici,
1310 1082 1450 1123 intesa
1490 1095 1512 1123 e
1549 1083 1732 1135 pariata,
1779 1082 1815 1122 si
1848 1083 1871 1122 0
1901 1081 2010 1124 satta
2041 1081 2110 1123 in-

321 1145 471 1183 stanza
500 1155 527 1182 a
556 1141 844 1188 riassumerla,
876 1140 1102 1188 rivederla,
1136 1152 1158 1179 e
1189 1140 1438 1192 stamparla,
1474 1139 1635 1192 perche
1667 1139 1900 1180 altrimenti
1931 1139 1966 1180 si
1999 1139 2113 1180 dara

324 1212 477 1252 campo
501 1199 555 1240 ad
582 1198 748 1238 infinite
779 1210 965 1250 persone
998 1197 1230 1238 christiane
1262 1200 1378 1238 sotto
1402 1198 1522 1238 detto
1555 1197 1759 1238 Dominio
1792 1196 2031 1238 Ottomano
2068 1197 2112 1237 di

323 1257 421 1298 udir
450 1258 488 1297 le
521 1255 823 1296 dichiarationi
858 1255 911 1295 de
942 1255 1188 1303 scismatici,
1221 1254 1300 1295 che
1323 1267 1377 1295 ne
1408 1268 1517 1296 sono
1540 1254 1658 1307 pieni
1690 1254 1790 1307 quei
1821 1254 1956 1306 paesi,
1990 1254 2114 1307 quali

321 1327 464 1355 vanno
497 1313 744 1366 sporgendo
778 1312 871 1353 falsi
914 1313 1061 1365 dogmi
1105 1315 1146 1352 et
1178 1312 1312 1353 errori
1343 1312 1460 1365 pieni
1503 1312 1541 1353 d'
1563 1312 1723 1360 eresia3
1755 1315 1795 1352 et
1828 1313 1851 1352 e
1882 1314 1996 1352 stato
2029 1324 2107 1352 00-

320 1372 522 1412 cessitato
556 1371 676 1411 detto
709 1370 987 1411 arcivescovo
1021 1370 1099 1411 dar
1130 1370 1296 1411 licenza
1326 1370 1382 1411 ad
1431 1370 1574 1412 alcuni
1604 1369 1788 1422 parochi
1821 1369 1906 1410 ben
1939 1369 2109 1410 fondati

322 1429 364 1469 di
396 1429 459 1470 far
491 1429 607 1469 detta
641 1428 970 1476 dichiaratione,
1003 1441 1074 1468 ma
1105 1427 1160 1468 ad
1192 1430 1365 1480 tempus
1398 1430 1440 1468 et
1471 1428 1514 1468 in
1546 1427 1744 1479 iscriptis,
1778 1440 1799 1467 0
1831 1429 1944 1467 tutto
1975 1440 2002 1468 a
2022 1426 2108 1467 fine

320 1486 362 1527 di
395 1486 563 1539 quietar
594 1486 617 1526 1'
638 1485 882 1526 universale
914 1485 1190 1526 sentimento.
1228 1508 1274 1514 -
1300 1485 1480 1526 Lectum
1503 1485 1573 1526 die
1606 1485 1658 1526 22
1691 1484 1950 1525 Novembris
1986 1484 2107 1525 1632.

321 1543 615 1596 Congregatio
651 1544 772 1585 169&

320 1680 439 1713 XXIX
456 1633 667 1703 Archivum
693 1634 728 1668 S.
769 1634 902 1678 Congr.
941 1633 1052 1678 Prop.
1092 1632 1210 1677 Fidei,
1249 1631 1319 1667 Ms.
1357 1632 1431 1667 vol.
1469 1631 1536 1666 392
1561 1630 1585 1665 f.
1611 1633 1676 1676 21;
1702 1631 1932 1666 Fermedffiin
1960 1631 2113 1666 Starine

439 1680 462 1721 ⁷,
488 1681 532 1715 25
557 1691 584 1714 s.

730 1798 799 1837 89.
833 1796 1136 1846 1630-1632,
1171 1795 1412 1836 Kravarsko
1444 1793 1698 1847 Zayrabien.

461 1888 676 1938 „Ecclesia
718 1887 762 1929 S.
806 1887 957 1929 Crucis
1004 1889 1046 1929 10
1087 1888 1345 1930 Kravarska.
1391 1887 1596 1929 Nicolaus
1638 1887 1812 1938 Ninian,
1856 1885 2110 1942 (parochus)

323 1946 567 1998 glagolita“.

457 2036 636 2070 Visitatio
663 2048 741 2070 can.
768 2036 920 2070 Archid.
949 2036 1187 2071 Cathedralis
1213 2036 1505 2081 Zagrabiensis;
1525 2035 1598 2071 Cfr.
1625 2036 1780 2072 Tkalcic
1807 2035 2020 2070 Slavensko
2046 2035 2111 2070 bo-

321 2082 495 2127 30511ιὶᾸο
522 2094 545 2115 0
571 2083 790 2127 Hwatskoj,
816 2082 1030 2128 Zagrabiae
1060 2082 1155 2124 1904,
1181 2082 1234 2116 82.

803 2224 871 2265 90.
904 2224 1034 2272 1633,
1066 2221 1316 2272 Decembris,
1347 2221 1623 2274 Justinopoli.

458 2315 615 2354 Petrus
646 2314 841 2355 Moeavia
873 2315 1104 2367 episcopus
1126 2315 1518 2368 Justinopolitanus
1542 2315 1583 2355 in
1605 2314 1816 2356 relatione
1841 2313 2110 2355 Visitationis

323 2383 377 2424 ad
410 2383 577 2423 Limina
610 2383 922 2435 Apostolorum
957 2384 997 2424 S.
1033 2384 1428 2436 Congregationem
1478 2383 1661 2424 Concilii
1694 2384 1748 2424 de
1780 2386 1896 2425 statu
1928 2379 2112 2424 D‘ioece-

322 2464 419 2492 seos
452 2452 678 2492 certiorem
711 2452 912 2501 reddens,
944 2453 1096 2493 refert:

465 2542 573 2592 „Sex
618 2546 718 2583 sunt
763 2544 805 2584 in
853 2545 1024 2585 civitate
1067 2544 1364 2599 (Justinopoli)
1418 2547 1657 2586 conventus
1702 2544 2005 2597 Regularium:
2061 2568 2109 2574 —-

325 2599 370 2640 S.
400 2600 616 2640 Francisci
650 2601 1010 2643 Conventualium
1043 2603 1096 2643 de
1130 2602 1429 2650 Observantia,
1453 2602 1587 2643 Tertii
1617 2601 1800 2655 Ordinis,
1831 2602 1905 2655 qui
1936 2602 2111 2654 linguae

327 2656 515 2708 Illyricae
547 2661 647 2697 5001
682 2681 728 2687 -
755 2683 795 2687 —
835 2659 879 2699 10
913 2660 1053 2700 insula
1095 2672 1272 2712 quoque
1315 2663 1378 2700 est
1410 2660 1493 2701 alia
1523 2663 1640 2701 terra
1672 2659 1884 2700 dioecesis
1915 2660 2110 2700 Justino-

325 2714 558 2766 politanae,
592 2728 703 2766 quae
736 2716 850 2756 olim.
893 2717 1034 2757 Alieto
1076 2717 1328 2766 vocabatur,
1370 2717 1502 2758 habet
1532 2717 1590 2758 ad
1621 2717 1736 2757 mille
1768 2717 1895 2758 cives.
1932 2740 1979 2746 —
2014 2716 2106 2757 Ad-

328 2774 427 2811 sunt
460 2784 636 2824 quoque
677 2772 788 2812 duae
831 2774 999 2822 domus,
1043 2787 1119 2814 seu
1160 2777 1414 2823 conventus,
1460 2774 1623 2815 scilicet
1667 2774 2030 2815 Conventualium
2065 2773 2109 2814 S.

328 2828 544 2869 Francisci
578 2832 617 2869 et
647 2829 878 2870 Servorum
914 2831 957 2870 Β.
1004 2831 1180 2879 Mariae,
1213 2832 1255 2872 in
1298 2832 1456 2884 quibus
1487 2834 1634 2872 tamen
1665 2844 1791 2879 unus,
1822 2831 1889 2872 vel
1922 2831 2010 2872 duo
2043 2830 2110 2871 10-

327 2886 537 2926 habitant.
573 2910 625 2914 -—
673 2887 890 2927 Dioecesis
931 2891 1022 2928 tota
1068 2890 1220 2929 ruralis
1262 2889 1470 2930 dividitur
1501 2889 1543 2929 in
1575 2888 1825 2941 quindecim
1872 2888 2110 2941 parochiis,

332 2955 444 2994 quae
477 2956 554 2994 per
585 2947 785 2991 rectores,
818 2945 1029 2996 plebanos
1067 2950 1354 2998 nuncupatas,
1377 2947 1533 2998 partim
1558 2946 1749 2987 titulares
1783 2949 1824 2986 et
1855 2948 2108 2998 perpetuos,

327 3000 484 3051 partim
517 3000 786 3049 amovibiles,
830 3015 978 3042 001005
1021 3016 1121 3042 vero
1168 3016 1396 3055 pauperes,
1441 3004 1720 3055 gubernatur.
1754 3003 1924 3044 Incolae
1957 3015 2109 3043 omnes

331 3060 456 3097 50001
502 3056 672 3108 linguae
714 3058 915 3111 lllyiicae,
958 3059 1000 3099 10
1049 3072 1189 3111 eoque
1230 3061 1439 3101 idiomate
1481 3060 1746 3108 celebratum
1791 3061 1847 3100 ob
1879 3058 1923 3100 id
1957 3072 2109 3100 eorum

328 3116 517 3154 10010105
550 3114 738 3165 linguam
775 3115 887 3155 1113111
931 3117 1084 3156 callere
1133 3118 1304 3166 debent,
1349 3131 1481 3170 quam
1523 3130 1610 3158 non
1655 3117 1823 3158 discant
1854 3117 1935 3157 nisi
1967 3116 2109 3157 villici.

326 3169 431 3211 Ideo
451 3171 589 3224 major
605 3184 683 3223 pai·
700 3185 870 3212 scorum
898 3173 922 3211 i
912 3186 980 3224 3(0
971 3173 1028 3213 tri
1050 3176 1089 3214 ct
1108 3187 1260 3225 panum
1280 3174 1541 3215 sufficientes
1563 3175 1619 3215 ad
1637 3174 1826 3226 regimen
1850 3174 2107 3215 animarum.
