2243 3444
275 115 319 146 10
963 109 1149 143 Fontes
1185 107 1428 153 liturgiae

414 254 638 293 Bedekovk‘,
667 253 794 287 Nataie
820 252 940 285 soinm
967 263 995 285 s.
1025 250 1253 294 Hieronymi.
1294 249 1487 283 Neostadii
1516 252 1618 290 1752,
1644 260 1679 292 p.
1708 253 1787 284 303.
1821 251 1879 284 Ex
1916 250 2101 294 rescripto

276 303 414 337 Nicolai
441 302 477 336 P.
516 302 548 335 V
576 305 618 334 10
646 300 865 334 Novembris
894 302 982 332 1447
1009 299 1055 333 ad
1082 298 1245 331 eundern
1272 297 1503 330 Fridericum
1520 296 1608 330 dato
1636 296 1823 341 (Theiner,
1843 298 1945 334 Mon.
1971 298 2100 332 Slavo-

275 361 356 384 rum
384 349 512 383 Merid.
542 350 565 390 1,
592 351 675 391 400)
702 358 819 381 annus
845 356 958 389 supra
978 346 1139 388 scriptus
1167 345 1317 377 eruitur.

772 514 839 554 29.
872 512 997 554 1449,
1028 498 1190 540 Kasezi
1219 498 1262 538 in
1293 497 1398 539 Lz'ca
1430 498 1592 540 Nonen.

414 600 576 640 Blasius
609 598 665 637 de
699 609 855 648 genere
889 596 1080 635 Bobinac
1122 595 1349 646 presbyter
1389 594 1506 645 apud
1541 593 1585 635 S.
1618 595 1826 634 Ioannem
1860 597 1901 634 in
1933 595 2099 644 Kasezi,

274 672 468 711 vicarius
502 670 629 709 Licae
662 668 878 707 Nonensis
923 667 1119 717 episcopi
1164 665 1338 714 Natalis,
1377 664 1555 706 Missale
1601 665 1924 719 Glagoliticum‚
1957 658 2040 706 iam
2072 680 2097 706 a

273 743 529 794 presbytero
562 740 707 779 Marco
740 750 853 778 anno
890 736 1113 777 1435—41
1151 734 1250 785 (Cfr.
1283 735 1333 775 N.
1371 733 1453 787 15.)
1486 735 1768 788 descriptum,
1812 737 2024 777 ecciesiae
2056 737 2100 777 Β.

273 813 321 852 V.
355 812 510 852 Mariae
562 813 603 850 in
653 810 867 849 Drenovci
904 810 943 846 in
977 807 1083 847 Lika
1132 806 1352 846 Nonensis
1403 806 1674 855 dioeceseos,
1707 820 1785 859 pro
1825 808 1881 847 27
1926 807 2098 847 ducatis

272 884 433 933 vendit;
466 883 638 934 hocque
671 881 987 919 characteribus
1021 878 1279 932 glagoliticis
1313 879 1353 917 in
1387 878 1547 917 eodem
1581 878 1737 918 codice
1768 878 1960 918 adnotat.

413 963 484 997 Csr.
512 962 565 996 Li.
593 972 646 996 cc.
676 961 714 994 N.
745 963 787 994 15
814 959 886 993 Cfr.
916 958 1151 1003 Kukuljevic,
1179 959 1274 992 Acta
1301 958 1466 992 croatica
1490 958 1516 999 I,
1544 961 1621 992 320.

560 1130 630 1168 50.
664 1128 783 1169 1450,
815 1118 882 1155 16.
915 1113 1089 1167 Aprilis,
1124 1113 1167 1153 in
1198 1113 1303 1154 villa
1336 1113 1378 1154 S.
1411 1112 1583 1154 Mariae
1618 1113 1798 1162 Jadren.

411 1213 559 1253 Petrus
594 1210 782 1251 Poletcic'
815 1210 925 1250 filius
954 1210 1146 1262 Jurislavi
1181 1210 1220 1248 in
1255 1208 1508 1249 Stomorino
1542 1209 1634 1249 selo
1663 1209 1880 1262 jadrensis
1921 1209 2097 1249 dioece-

271 1298 382 1334 seos,
413 1284 804 1336 peregrinationem
838 1281 892 1320 ad
926 1281 1094 1320 Limina
1127 1279 1443 1331 Apostolorum
1479 1280 1666 1320 Romam
1691 1281 1950 1332 suscipiens,
1970 1287 2098 1320 testa—

272 1362 465 1395 mentum
499 1354 784 1406 olographum
819 1353 1137 1392 characteribus
1169 1352 1426 1405 giagoliticis
1459 1351 1644 1391 conficit.

412 1428 568 1469 Surmin.
597 1436 691 1469 Acta
718 1434 881 1468 croatica
906 1433 932 1474 Ι,
959 1432 1161 1476 Zagrabiae
1188 1435 1290 1473 1898,
1318 1435 1396 1466 184.

700 1602 760 1642 31.
793 1602 912 1643 1450,
944 1586 1273 1635 16.Februar2·2·,
1305 1587 1469 1628 Bes'kae
1511 1587 1674 1639 Veglen.

408 1675 663 1726 praesbyter
706 1674 924 1714 Mathaeas
974 1673 1085 1713 filius
1133 1671 1234 1720 Viti,
1275 1672 1555 1712 cancellarius
1606 1671 1771 1711 Beskae
1822 1678 1864 1711 et
1905 1671 2096 1711 notarius

270 1747 468 1798 publicus
503 1748 846 1793 instrumentum,
880 1758 967 1797 quo
1000 1744 1128 1784 Missa
1161 1742 1411 1796 Majsidevic'
1444 1744 1614 1782 vineam
1651 1743 1918 1782 monasterio
1943 1740 1985 1782 S.
2006 1740 2098 1782 Sal-

271 1819 426 1857 vatoris
459 1817 616 1865 vendit,
649 1816 894 1869 glagolitice
927 1815 1114 1855 conficit.

412 1890 570 1938 Surmin‚
597 1898 693 1931 Acta
718 1897 880 1930 croatica
906 1897 930 1937 Ι,
958 1896 1158 1941 Zagrabiae
1184 1898 1286 1936 1898,
1314 1897 1381 1929 182
1406 1905 1435 1928 s.

681 2064 752 2104 32.
784 2064 904 2105 1450,
927 2064 998 2104 30.
1030 2051 1283 2099 Decembris,
1314 2049 1432 2092 Novi
1465 2048 1705 2092 corbavien.

410 2136 637 2187 Presbyter
664 2135 851 2188 Jacobus
895 2136 1006 2176 filius
1049 2136 1159 2176 Petri
1205 2135 1361 2176 Lovrid
1406 2135 1686 2175 cancellarius
1718 2133 1966 2187 Novigradi‚
1999 2147 2095 2175 sen-

270 2209 445 2247 tentiam
475 2207 725 2261 judicialem
759 2209 865 2246 inter
887 2206 1094 2247 Griianos
1128 2214 1168 2246 et
1195 2206 1443 2246 Kotoranos
1472 2207 1612 2255 latam,
1634 2200 1880 2258 glagoiiti'ce
1902 2204 2088 2246 conficit.

412 2280 570 2328 Surmin,
597 2289 691 2321 Acta
717 2288 877 2321 croatica
903 2287 927 2327 Ι,
955 2287 1154 2332 Zagrabiae
1180 2291 1247 2322 188
1274 2298 1302 2321 s,

852 2455 922 2494 33.
954 2455 1075 2496 1450,
1114 2442 1304 2484 Obrovac
1334 2442 1496 2484 Nonen.

412 2526 576 2566 Rituale
609 2525 934 2578 Glagoiiticum,
969 2528 1090 2566 cuius
1123 2527 1363 2579 fragmenta
1404 2541 1427 2566 a
1472 2527 1704 2566 Francisco
1738 2525 1869 2566 Selak
1895 2525 2091 2579 jadrensi

272 2599 416 2637 Ioanni
438 2597 558 2637 Brcic':
579 2597 738 2636 donata
771 2604 880 2645 sunt,
914 2610 991 2648 pro
1026 2610 1102 2637 usu
1127 2598 1337 2638 ecclesiae
1358 2598 1615 2649 parochialis
1636 2596 1851 2646 Obrovac‚
1872 2597 2091 2637 Nouensis

271 2669 540 2716 dioeceseos,
572 2681 592 2706 a
627 2667 854 2707 sacerdote
887 2667 1080 2720 Georgio
1114 2667 1313 2708 Sirinaric
1345 2669 1642 2708 conscribitur.

412 2747 574 2788 1,Br‹':i6,
602 2748 682 2781 Rad
704 2748 843 2793 Jugosl.
870 2748 989 2783 Akad.
1016 2753 1035 2781 4
1063 2748 1128 2782 IX.
1158 2748 1290 2794 (1881).
1319 2751 1385 2783 159
1412 2760 1440 2784 s,

840 2904 913 2945 34.
945 2905 1064 2945 1450,
1097 2892 1256 2941 Polz'cii,
1290 2892 1508 2946 spalaten.

413 2973 577 3015 Rituaie
610 2972 931 3027 Giagoiiticum,
963 2977 1084 3015 euius
1129 2976 1366 3029 fragmenta
1398 2976 1441 3017 P.
1476 2963 1604 3017 Cike§
1637 2976 1774 3016 Pontii
1827 2977 1868 3016 in
1899 2976 2091 3017 dioecesi
