2243 3444
405 330 449 363 72
1028 326 1199 360 Fontes
1227 324 1467 366 Liturgiae

500 475 519 520 ξ
554 473 592 511 3.
629 472 810 522 Cyrillus
844 473 881 508 et
915 468 1129 507 Methodis
1162 467 1305 506 fratres
1340 467 1550 516 germani,
1590 467 1918 506 Thessalonicae
1951 468 2119 517 amplis-

359 531 466 569 simo
503 531 600 569 loco
635 531 727 575 nati,
770 527 1182 576 Constantinopolim
1219 529 1376 564 mature
1411 529 1698 575 concesserut‚
1742 529 1785 564 ut
1818 527 1857 564 in
1891 527 1981 576 ipsa
2014 527 2120 566 urbe

360 589 544 628 Orientis
580 590 769 639 principe
804 587 1066 625 humanitatis
1088 588 1195 624 artes
1218 584 1466 623 adiscerent.
1503 585 1593 623 Nec
1617 585 1728 623 latuit
1749 583 1923 624 scintilla
1947 586 2119 635 ingenii,

360 660 466 697 quae
501 649 578 686 iam
613 652 698 686 turn
734 646 926 685 elucebat
959 646 998 683 in
1033 644 1397 690 adolescentibus;
1433 655 1526 682 nam
1550 646 1726 693 uterque
1749 644 1975 692 plurimum
2005 643 2118 683 brevi

359 707 646 756 profecerunt;
683 708 720 744 et
754 704 934 755 Cyrillus
969 703 1161 749 maxime,
1197 703 1267 751 qui
1303 713 1393 741 eam
1427 702 1707 741 scientiarium
1742 702 1909 741 laudem
1942 702 2120 752 adeptus

359 770 419 804 est
452 769 493 803 ut
526 765 748 814 singularis
794 763 969 801 honoris
1003 773 1151 800 caussa
1186 761 1474 810 Philosophus
1509 761 1802 810 appellaretur.
1854 761 1951 800 Non
1986 761 2119 811 longo

361 824 577 863 intervallo
613 823 867 862 monachum
903 832 1029 870 agere
1063 820 1308 859 Methodius
1352 820 1511 869 coepit3
1556 819 1736 871 Cyrillus
1782 823 1918 859 autem
1965 819 2120 870 dignus

359 886 419 922 est
439 883 615 928 habitus,
651 882 716 920 cui
739 881 936 919 Teodora
960 880 1210 929 imperatrix,
1246 882 1417 917 auctore
1439 879 1596 928 Ignatio
1621 879 1865 926 Patriareha,
1900 879 2119 928 negotium

359 942 474 980 daret
508 940 727 981 erudiendi
762 940 812 978 ad
847 939 974 977 fidem
1010 938 1272 977 christianam
1309 937 1524 976 Chazaros
1557 940 1666 976 trans
1707 937 2027 977 Chersonesum
2061 938 2121 976 in-

358 1001 559 1045 colentes,
607 1000 676 1049 qui
712 999 923 1037 indoneos
960 1009 1177 1036 sacrorum
1213 997 1482 1035 administros
1517 996 1888 1046 Constantinopoli
1922 996 2120 1046 implora-

357 1062 509 1097 verant.
553 1058 685 1107 Quod
732 1058 799 1096 ille
845 1068 997 1095 munus
1040 1068 1126 1095 non
1174 1058 1338 1105 gravate
1383 1056 1558 1105 accepit.
1608 1055 1747 1105 ltaque
1782 1055 2046 1095 Chersonam
2080 1056 2121 1094 in

356 1118 501 1156 Tauris
536 1117 709 1163 adlatus,
744 1116 929 1155 sermoni
964 1115 1191 1154 vernaculo
1236 1115 1345 1153 illius
1380 1115 1528 1164 gentis,
1574 1117 1616 1153 ut
1659 1113 1831 1164 quidam
1864 1114 2012 1162 ferunt,
2049 1115 2119 1153 ali-

357 1176 558 1226 quamdiu
595 1187 766 1225 operam
803 1174 937 1221 dedit;
974 1185 1114 1223 eoque
1147 1177 1340 1223 tempore
1374 1173 1453 1212 sibi
1497 1174 1671 1223 contigit
1705 1173 1873 1222 optimis
1907 1173 2120 1223 auspiciis,

357 1238 398 1273 ut
432 1234 469 1274 S.
495 1235 724 1274 Clementis
759 1234 783 1273 l.
808 1234 849 1273 Ρ.
875 1234 930 1273 Μ.
960 1245 1105 1272 sacros
1150 1244 1324 1271 ceneres
1371 1233 1583 1279 inveniret,
1630 1244 1740 1282 quos
1789 1231 1962 1281 quidem
2007 1231 2120 1271 haud

356 1294 524 1332 difficile
559 1294 727 1343 agnovit
760 1304 855 1331 cum
892 1304 940 1331 ex
974 1295 1197 1341 pervagata
1226 1292 1433 1330 maiorum
1468 1292 1684 1340 memoria,
1718 1294 1803 1329 tum
1839 1303 1888 1330 ex
1921 1291 2118 1339 anchora,

356 1365 535 1402 quacum
572 1353 662 1401 ipsa
696 1355 915 1402 martyrem
956 1351 1229 1389 fortissimum
1262 1350 1424 1388 Traiani
1469 1350 1733 1399 imperatoris
1778 1350 1893 1388 iussu
1928 1350 1967 1388 in
2003 1361 2116 1389 mare

356 1411 627 1461 praecipitem
663 1414 812 1457 actum,
849 1413 885 1448 et
920 1409 1074 1448 deinde
1109 1409 1326 1448 conditum
1366 1409 1495 1447 fuisse
1529 1409 1760 1448 constabat.
1800 1432 1843 1436 —
1882 1409 1984 1447 Tam
2025 1420 2118 1458 pre-

353 1471 462 1508 tioso
496 1470 695 1508 thesauro
731 1470 900 1519 potitus,
935 1470 974 1507 in
1010 1469 1297 1508 Chazarorum
1321 1468 1448 1506 urbes
1477 1467 1691 1517 sedesque
1725 1468 1974 1517 penetravit:
2010 1479 2120 1517 quos

355 1529 590 1578 praeceptis
625 1529 710 1567 suis
745 1528 923 1567 edoctos
949 1531 987 1567 et
1008 1528 1086 1566 Dei
1120 1528 1292 1566 numine
1315 1527 1544 1574 instinctos,
1581 1527 1797 1576 multiplici
1822 1526 2120 1576 superstitione

355 1588 502 1634 deleta,
538 1587 589 1626 ad
623 1588 757 1626 Iesum
797 1587 1008 1626 Christum
1038 1586 1236 1625 adiunxit.
1272 1586 1440 1627 Recenti
1475 1586 1795 1625 christianorum
1831 1586 2118 1624 communitati

355 1647 511 1696 optime
534 1648 769 1695 constituta,
805 1647 1084 1685 continentiae
1108 1645 1231 1684 simul
1256 1648 1293 1684 et
1314 1645 1490 1683 caritatis
1513 1645 1790 1684 memorabile
1814 1644 2118 1684 documentum

355 1705 483 1743 edidit
517 1717 611 1743 cum
647 1706 785 1744 oblata
810 1705 860 1743 ab
896 1705 1107 1754 indigenis
1137 1704 1250 1743 dona
1274 1704 1415 1743 omnia
1437 1704 1654 1751 recusavit,
1690 1706 1864 1753 excepta
1886 1715 2118 1750 servorum,

356 1765 425 1813 qui
461 1765 730 1803 christianum
765 1776 922 1802 nomen
957 1763 1265 1813 profiterentur,
1301 1763 1648 1801 manumissione.
1685 1763 1786 1801 Mox
1821 1762 2120 1801 Constantino-

355 1824 484 1872 pOIIm
527 1823 645 1861 rediit
691 1824 840 1870 alacer,
886 1826 1009 1872 atque
1053 1823 1091 1860 in
1139 1822 1438 1860 monasterium
1485 1821 1776 1872 Polychronis,
1826 1833 1912 1870 quo
1955 1832 2000 1860 se
2038 1821 2119 1871 jam

356 1882 598 1920 Methodius
633 1885 862 1931 receperat,
900 1881 1081 1932 Cyrillus
1116 1882 1206 1931 ipse
1241 1881 1426 1920 secessit.

496 1943 586 1988 §4-
622 1942 783 1979 Interim
832 1953 897 1979 res
941 1940 1054 1990 apud
1102 1939 1316 1979 Chazaros
1362 1951 1567 1989 prospere
1614 1942 1752 1988 gestas
1798 1938 1850 1977 ad
1896 1938 2119 1980 Rastilaum

355 2000 566 2038 Moraviae
601 1998 834 2049 principem
881 1999 988 2038 fama
1023 1999 1238 2038 detulerat.
1274 1999 1321 2045 Is,
1358 1998 1645 2037 Chazarorum
1681 1998 1880 2047 exemplo
1916 1998 2118 2045 incitatus,

355 2058 407 2096 de
442 2059 600 2107 aliquot
649 2059 852 2108 operariis
887 2059 1143 2107 evangelicis
1179 2057 1520 2106 Constatinopoli
1556 2056 1822 2096 arcessendis
1856 2068 1951 2095 cum
1987 2057 2119 2106 impe-

353 2120 488 2156 ratore
532 2118 738 2156 Michaele
773 2118 814 2155 lll
858 2129 936 2156 nec
980 2117 1163 2164 difficile,
1208 2116 1327 2166 quod
1369 2116 1557 2164 volebat,
1605 2116 1847 2165 impetravit.
1901 2115 2026 2165 lgitur
2058 2118 2116 2154 tot

356 2176 433 2213 iam
467 2176 582 2214 factis
616 2177 829 2215 nobilitata
873 2177 1012 2225 virtus,
1056 2176 1438 2225 proximorumque
1486 2174 1765 2213 iuvandorum
1809 2174 1848 2213 in
1884 2174 2044 2225 Cyrillo
2079 2177 2117 2212 et

356 2235 575 2273 Methodio
612 2238 831 2284 perspecta
856 2235 1048 2274 voluntas
1083 2234 1233 2282 effecit,
1267 2237 1309 2272 ut
1343 2235 1367 2272 ii
1402 2234 1653 2272 Moraviensi
1701 2233 1957 2283 expeditioni
1993 2233 2118 2271 desti-

355 2296 561 2333 narentur.
589 2294 785 2343 Cumque
820 2294 913 2332 itam
939 2306 1014 2343 per
1038 2294 1272 2343 Bulgariam
1297 2293 1900 2331 instituissentchristianorum
1923 2292 2117 2330 initiatam

354 2353 494 2399 sacris,
542 2353 657 2391 nullo
703 2353 800 2391 loco
846 2353 1174 2402 praetermittunt
1230 2351 1550 2401 amplificandae
1596 2351 1816 2401 religionis
1869 2350 2119 2400 opportuni-

353 2413 489 2449 tatem.
524 2411 563 2449 ln
599 2412 827 2449 Moraviam
861 2423 961 2450 vero
997 2411 1149 2451 effussa
1184 2411 1351 2450 obviam
1393 2410 1657 2449 multitudine
1700 2409 1751 2448 ad
1799 2409 1961 2458 imperii
1993 2408 2116 2456 sineS,

355 2480 516 2507 summa
550 2470 759 2509 voluntate
803 2473 841 2508 et
884 2471 1040 2509 celebri
1076 2470 1223 2508 laetitia
1257 2471 1531 2519 excipiuntur.
1586 2469 1676 2507 Nec
1722 2480 1839 2507 mora
1885 2468 1972 2518 fuit,
2017 2469 2116 2517 quin

355 2528 544 2567 imbuere
579 2529 809 2567 christianis
844 2530 1171 2567 institutionibus
1195 2529 1358 2567 animos
1378 2527 1711 2577 aggrederentur
1725 2530 1762 2566 et
1796 2528 1834 2565 in
1869 2539 1989 2576 spem
2024 2538 2116 2565 cae-

356 2586 518 2625 lestium
553 2587 765 2625 bonorum
802 2589 985 2638 erigere;
1020 2588 1149 2637 idque
1182 2590 1289 2625 tanta
1322 2588 1372 2634 vi,
1406 2590 1487 2625 tam
1511 2598 1695 2636 operosa
1717 2586 1930 2633 industria,
1965 2589 2007 2624 ut
2030 2597 2116 2624 non

355 2645 486 2694 longo
521 2646 734 2685 intervallo
769 2647 1040 2685 Moravorum
1076 2658 1181 2696 gens
1215 2658 1371 2685 nornen
1405 2646 1495 2684 lesu
1531 2645 1700 2684 Christo
1735 2645 2010 2683 libentissime
2044 2644 2115 2683 de—

356 2704 528 2743 dederit.
582 2704 645 2742 Ad
691 2717 780 2744 eam
824 2718 911 2744 rern
956 2717 1041 2744 non
1077 2717 1222 2754 parum
1267 2705 1439 2744 scientia
1473 2705 1597 2743 valuit
1630 2703 1826 2742 dictionis
1860 2703 2113 2749 slavonicae,

356 2774 478 2810 quam
516 2763 695 2813 Cyrillus
729 2767 820 2802 ante
856 2767 1114 2813 preceperat,
1162 2764 1425 2812 multumque
1459 2765 1685 2812 potuerunt
1719 2768 1862 2801 sacrae
1896 2762 2114 2811 utriusque

354 2821 603 2859 Testamenti
640 2823 815 2870 litterae,
864 2834 967 2871 quas
1013 2821 1187 2872 proprio
1235 2822 1384 2871 populi
1429 2833 1626 2860 sermone
1660 2820 1913 2859 reddiderat.
1969 2820 2113 2869 Quare

357 2882 493 2917 omnis
528 2879 745 2918 Slavorum
790 2882 899 2919 natio
947 2882 1172 2930 plurimum
1207 2881 1366 2919 homini
1403 2880 1541 2926 debet,
1588 2879 1705 2929 quod
1749 2891 1834 2918 non
1877 2878 1975 2918 fidei
2010 2879 2114 2917 chri-

355 2936 507 2977 stianae
541 2939 692 2985 solum,
728 2939 802 2977 sed
838 2941 959 2978 etiarn
994 2940 1125 2978 civilis
1154 2940 1417 2977 humanitatis
1441 2950 1489 2977 ex
1514 2939 1584 2977 illo
1610 2938 1863 2977 beneficium
1888 2937 2113 2987 acceperit:

355 3007 449 3033 nam
485 2996 664 3046 Cyrillus
699 3000 736 3036 et
770 2998 1013 3036 Methodius
1060 2999 1273 3047 principes
1316 2997 1553 3036 inveniendi
1598 2997 1763 3036 fuerunt
1804 2997 1915 3046 ipsas
1949 2997 2113 3043 litteras,

357 3055 509 3102 quibus
545 3060 603 3093 est
637 3068 777 3094 sermo
814 3057 1002 3105 ipsorum
1038 3056 1255 3095 Slavorum
1291 3057 1477 3105 signatus
1527 3059 1563 3094 et
1607 3067 1846 3105 expressus,
1892 3066 2026 3104 eaque
2061 3053 2113 3092 de

356 3123 479 3150 causa
514 3114 703 3152 eiusdem
738 3116 947 3153 sermonis
982 3119 1175 3154 auctores
1209 3127 1294 3154 non
1329 3115 1535 3153 immerIto
1571 3115 1788 3153 habentur.

499 3173 517 3215 ξ
554 3174 589 3209 5.
625 3173 679 3210 lix
712 3175 791 3210 tam
826 3174 997 3211 remotis
1031 3173 1335 3222 disiunctisque
1370 3174 1594 3222 provinciis
1624 3184 1762 3211 rerum
1788 3175 1997 3222 gestarum
2023 3171 2114 3220 glo-

358 3228 456 3265 riam
492 3231 705 3268 secundus
739 3243 884 3270 rumor
917 3232 1090 3273 Romam
1126 3233 1392 3271 nuntiaverat.
1434 3254 1487 3259 —
1527 3231 1663 3280 Atque
1698 3232 1748 3270 ita
1782 3242 1877 3269 cum
1913 3230 2114 3269 Nicolaus
