2243 3444
355 300 401 334 30
958 298 1140 332 Fontes
1188 297 1446 342 Liturgiae

645 439 712 478 62.
745 439 872 486 1724,
905 437 950 477 in
978 435 1180 478 Slavonia
1209 439 1247 477 et
1274 435 1499 488 Raqusina
1522 435 1758 488 provincia.

447 505 607 548 Gervae
638 506 849 558 Ragusini
882 508 924 545 et
954 506 1175 546 Michaelis
1218 504 1458 546 Bombardi
1505 504 1814 551 testimonium,
1848 503 1902 545 de
1933 516 2014 545 usu
2045 504 2097 544 li-

308 576 474 627 turgiae
507 575 973 627 Glagolito-Romanae
1015 575 1133 627 apud
1175 574 1329 615 Slavos
1371 573 1680 614 Meridionales
1727 575 1768 613 et
1798 573 1842 613 in
1873 572 2098 625 provincia

308 645 597 685 ecclesiastica
628 644 889 695 Ragusiensi
920 643 1095 696 vigenti.

445 724 588 777 Caput
617 724 746 764 XXX.
780 724 876 773 Qua
904 724 1066 775 lingua,
1098 737 1240 776 quove
1263 724 1347 764 ritu
1380 723 1603 774 Ragusina
1625 722 1668 762 in
1690 721 1922 763 Provincia
1943 720 2098 762 Divina

309 783 411 823 olim
443 783 774 823 celebrabantur
807 781 996 822 Officia?
1034 805 1079 810 —-
1114 783 1143 822 Ι.
1175 805 1228 810 -
1261 782 1319 821 At
1360 781 1402 820 in
1435 779 1625 821 dioecesi
1657 782 1699 820 et
1728 781 1848 820 extra
1878 778 2099 820 civitatem

307 840 587 891 Evangelium
619 842 717 891 post
748 838 897 879 Latine
929 840 1100 886 lectum,
1133 839 1299 892 Illyrica
1329 838 1475 889 lingua
1517 837 1684 889 legitur,
1719 836 1793 889 qui
1823 849 1920 876 mos
1951 849 1978 877 a
2007 835 2095 877 Pa-

309 898 445 938 tribus
478 897 758 937 Tridentinae
800 896 961 948 Synodi
1001 897 1214 948 probatus
1255 896 1386 936 fuisse
1432 895 1591 936 dicitur
1630 907 1656 935 a
1698 894 1975 940 PallavicinO,
2024 893 2098 946 qui

307 955 413 995 haec
447 955 502 995 ad
534 968 623 995 rem
654 954 805 994 habet:
843 954 916 1003 „Si
947 955 1079 994 tratto
1114 953 1226 1005 degli
1248 953 1346 993 altri
1379 953 1499 1005 capi⁴‘
1523 955 1602 993 etc.
1637 951 1739 1005 [Cfr.
1764 952 1924 992 Fontes
1944 949 2042 991 XVI
2063 964 2096 991 s.

309 1011 358 1052 N.
411 1009 661 1066 111—113].
705 1011 762 1051 At
808 1011 851 1050 in
899 1011 1144 1059 Provincia,
1192 1011 1483 1063 Ecclesiisque
1528 1009 1754 1061 Ragusino
1798 1008 2100 1060 Metropolitae

309 1069 522 1117 obnoxiis,
554 1069 807 1119 praesertim
839 1069 881 1108 in
914 1067 1118 1110 Slavonia
1152 1067 1194 1121 [i.
1234 1081 1268 1108 e.
1301 1067 1602 1119 Hercegovina
1651 1069 1692 1107 et
1722 1066 1939 1107 Dalmatia
1967 1064 2098 1106 Meri-

310 1126 503 1179 dionali],
550 1126 647 1166 licet
677 1126 978 1167 Romanorum
1030 1126 1137 1166 ritus
1179 1130 1434 1173 servaretur,
1480 1125 1627 1176 lingua
1672 1127 1819 1165 tamen
1866 1123 2099 1165 Slavoniea

306 1184 451 1225 divina
484 1184 815 1224 celebrabantur
857 1184 1022 1225 Officia.
1066 1184 1227 1224 Beatus
1272 1182 1466 1235 Cyrillus,
1513 1183 1604 1223 eius
1636 1181 1825 1231 regionis
1857 1180 2098 1233 Apostolus

307 1242 421 1281 hunc
454 1254 617 1282 morem
651 1242 823 1282 saeculo
856 1241 912 1281 IX
944 1242 987 1281 in
1006 1240 1257 1282 Slavoniam
1290 1241 1464 1281 invexit.
1487 1263 1541 1269 ——
1563 1238 1616 1280 ΙΙ.
1651 1239 1820 1291 Lingua
1851 1239 1981 1290 igitur
2003 1237 2098 1279 Sla-

307 1299 461 1339 voniea
495 1312 583 1339 non
615 1299 755 1339 solum
788 1299 831 1338 in
863 1299 1033 1344 Russia,
1067 1298 1294 1346 Dalmatia,
1330 1298 1506 1339 Croatia
1537 1298 1613 1338 sed
1651 1297 1781 1337 etiam
1812 1297 1856 1337 in
1889 1294 2094 1338 Slavonia

308 1356 513 1397 celebrari
546 1359 780 1408 coeperunt
813 1356 960 1397 divina
991 1356 1203 1409 Mysteria.
1235 1354 1284 1396 In
1316 1355 1474 1396 Russia
1506 1355 1670 1396 Graeco
1702 1354 1801 1403 ritu,
1823 1354 2026 1395 Romano
2049 1353 2094 1394 in

308 1413 523 1455 Dalmatia
555 1416 598 1454 et
629 1413 816 1455 Croatia.
851 1414 896 1454 In
929 1414 1135 1454 Slavonia
1156 1413 1374 1462 Romano,
1398 1414 1503 1454 dum
1536 1413 1632 1453 illae
1663 1414 1811 1464 gentes
1842 1412 2094 1452 Romanum

308 1472 626 1512 venerabantur
657 1471 927 1519 Pontificem,
960 1472 1003 1512 in
1035 1471 1223 1511 schisma
1256 1471 1413 1511 deinde
1443 1470 1637 1523 prolapsi
1670 1470 1935 1510 Graecorum
1964 1469 2094 1509 ritum

308 1529 431 1581 sequi
465 1541 660 1580 coepere,
695 1529 814 1581 quod
848 1542 961 1569 nunc
1006 1529 1136 1569 etiam
1176 1532 1217 1569 et
1248 1541 1329 1569 usu
1361 1529 1538 1569 habent.
1585 1528 1734 1568 Placet
1766 1540 1879 1580 quae
1910 1525 2095 1567 Michael

308 1586 546 1627 Bombardi
578 1587 658 1627 hac
692 1587 745 1626 de
777 1600 822 1627 re
852 1586 1004 1627 litteris
1036 1586 1261 1627 mandavit
1292 1587 1555 1627 exscribere:
1594 1585 1747 1634 „Haud
1778 1585 1857 1626 abs
1888 1597 1934 1624 re
1963 1583 2095 1624 fuerit

309 1644 606 1696 amplitudinis
653 1644 909 1685 Slavonicae
940 1645 1112 1695 linguae
1143 1644 1250 1684 haec
1292 1643 1451 1684 obtiter
1491 1643 1824 1684 meminisse...
1843 1674 1852 1682 .
1890 1641 1980 1682 Iam
2010 1641 2096 1682 late

309 1704 454 1742 autem
487 1701 753 1748 diffunditur,
788 1705 834 1742 ut
864 1702 918 1742 ab
951 1702 1175 1743 Adriatico
1208 1702 1316 1742 mari
1348 1702 1404 1742 ad
1427 1701 1644 1742 Euxinum
1676 1701 1778 1741 inde
1805 1701 1861 1740 ad
1895 1699 2095 1746 Glaciale‚

310 1772 360 1799 ac
394 1759 569 1799 tandem
602 1759 657 1800 ad
698 1759 911 1800 Balticum
954 1772 1073 1800 mare
1114 1783 1156 1788 —
1195 1759 1310 1808 Quin
1339 1759 1553 1800 maximus
1593 1758 1652 1798 illi
1688 1759 1830 1799 honos
1861 1757 2042 1798 accessit
2072 1768 2098 1797 a

312 1817 582 1868 temporibus
614 1816 701 1856 DD.
735 1816 878 1870 Cyrilli
911 1819 953 1857 et
993 1816 1204 1857 Methodii
1247 1816 1476 1858 Slavoniae
1507 1816 1835 1869 Apostolorum,
1871 1815 1974 1855 dum
2006 1813 2096 1854 Ro-

312 1887 467 1914 manae
514 1874 639 1915 Sedis
687 1875 877 1922 oraculo,
919 1875 1041 1927 quasi
1085 1877 1348 1921 consecrata,
1393 1874 1590 1915 adhiberi
1633 1877 1788 1926 coepta
1835 1874 1899 1912 est
1945 1872 1988 1912 in
2023 1870 2096 1912 SS.

312 1931 466 1972 Missae
496 1931 703 1979 sacrificii,
736 1945 825 1972 non
854 1945 992 1980 secus,
1033 1946 1083 1972 ac
1114 1932 1269 1973 Latina
1311 1934 1351 1972 et
1384 1932 1558 1983 Graeca.
1595 1930 1724 1980 Quod
1766 1931 1908 1983 ipsum
1941 1928 2099 1970 deinde

313 2002 337 2029 a
368 1989 496 2029 variis
528 1989 826 2038 Pontificibus,
861 1990 903 2030 in
934 1990 1084 2042 primis
1116 1989 1297 2030 Nicolao
1331 1988 1361 2038 L
1384 1989 1609 2030 Hadriano
1645 1987 1698 2035 ΙΙ,
1730 1988 1897 2029 Joanne
1929 1986 2035 2035 VIII,
2058 1987 2100 2026 et

315 2045 533 2087 Clemente
574 2047 627 2086 VI
656 2047 904 2099 probatum.
945 2047 1325 2099 confirmatumque
1377 2049 1453 2095 est,
1501 2047 1563 2087 uti
1609 2046 1698 2086 suis
1738 2045 1844 2086 locis
1885 2047 2100 2085 testantur

312 2104 537 2151 Baronius,
570 2104 777 2145 Balbinus
809 2108 851 2145 et
882 2105 980 2149 allii,
1016 2129 1064 2134 -
1097 2105 1301 2157 vigetque
1321 2104 1561 2145 hodiedum
1583 2104 1626 2144 in
1649 2103 1877 2150 Dalmatia,
1909 2101 2099 2142 nonnul-

310 2160 449 2213 lisque
480 2161 572 2202 aliis
606 2161 932 2203 Slavonicarum
964 2162 1156 2214 gentium
1186 2162 1475 2214 regionibus.“
1497 2186 1545 2191 —
1570 2185 1616 2191 -
1652 2161 1711 2201 At
1740 2159 1935 2214 Ragusij,
1968 2161 2100 2212 atque

313 2219 356 2258 in
387 2221 480 2259 tota
519 2218 703 2267 Diocesi,
747 2220 823 2260 ubi
864 2220 1143 2272 Evangelium
1188 2221 1318 2260 etiam
1360 2219 1523 2271 Illyrico
1570 2218 1777 2260 idiomate
1807 2217 1976 2269 legitur,
2010 2228 2099 2257 non

314 2288 365 2315 ex
397 2276 626 2329 Cyrilliana
661 2277 860 2318 versione
903 2278 1182 2329 desumptum
1224 2279 1300 2322 est,
1342 2277 1419 2317 sed
1464 2290 1515 2317 ex
1558 2275 1884 2316 Bartholomaei
1917 2273 2098 2315 Cassich

312 2333 512 2381 Jesuitae,
545 2334 617 2386 qui
640 2334 861 2384 Ragusina
884 2335 1069 2375 dialecto
1088 2334 1333 2387 Evangelia,
1358 2336 1400 2374 et
1426 2334 1642 2386 Epistolas
1664 2347 1742 2385 per
1772 2345 1932 2374 annum
1959 2331 2098 2378 vertit,

311 2391 457 2432 multis
487 2395 631 2432 tamen
660 2392 702 2432 in
724 2392 829 2432 locis
851 2393 1140 2444 castigandus.
1163 2393 1210 2432 In
1233 2391 1405 2437 Bosnia,
1437 2395 1478 2432 et
1510 2391 1553 2431 in
1574 2390 1814 2431 fininitimis
1836 2389 2099 2442 regionibus,

314 2448 500 2489 maxime
531 2449 806 2490 Tribuniensi
839 2450 1041 2496 dioecesi,
1063 2450 1129 2489 vel
1161 2449 1337 2490 joannis
1370 2449 1670 2489 Bandulovich
1700 2447 1928 2489 Minoritae
1959 2446 2100 2487 versio

316 2506 358 2545 in
390 2519 470 2546 usu
504 2509 578 2546 est.

339 2630 344 2635 ἱ
452 2584 508 2617 Fr.
537 2584 752 2619 Ludovicus
778 2586 899 2620 Cerva
932 2586 1093 2629 Tubero,
1129 2585 1409 2631 Prolegomena
1440 2584 1479 2618 in
1512 2584 1667 2619 Sacram
1704 2583 1949 2628 Metropolim
1974 2581 2102 2628 Ragu-

316 2630 771 2721 ἒῗῗιγὲι,ἰίῌΐὲιιείί91ἔῖὲ
809 2632 878 2666 Ms.
915 2631 1198 2677 autographum
1228 2631 1268 2664 in
1300 2630 1542 2665 Bibliotheca
1575 2630 1799 2664 Conventus
1838 2629 1871 2663 S.
1911 2627 2105 2662 Dominici

347 2697 398 2719 (U
431 2688 447 2707 s
479 2702 486 2719 ‚
529 2690 545 2709 ›-
563 2689 596 2722 g.
719 2689 767 2710 su

907 2762 975 2800 63.
1009 2760 1304 2808 1741—1745,
1339 2758 1510 2800 Romae.

452 2838 582 2891 Typis
615 2839 655 2880 S.
690 2842 1049 2892 Congregationis
1081 2841 1211 2893 Prop.
1245 2839 1380 2885 Fidei,
1424 2841 1602 2880 curante
1634 2838 1855 2879 Matthaeo
1885 2837 2104 2878 Karaman

317 2906 563 2959 Spalatrino
597 2912 637 2948 et
667 2908 890 2950 Matthaco
924 2909 1052 2950 Sovic
1096 2909 1305 2950 Chersino
1349 2908 1622 2961 coadjuvate,
1663 2907 1834 2948 Missale
1868 2905 2104 2958 Glagolito-

316 2975 564 3015 Romanum
596 2976 758 3017 Urbani
793 2978 894 3018 VIII.
929 2978 1015 3018 iam
1048 2991 1163 3019 anno
1200 2978 1302 3018 1631
1341 2977 1520 3024 editum,
1554 2977 1723 3017 noviter
1755 2975 2035 3017 emandatum
2060 2976 2101 3014 et

318 3043 517 3093 revisum,
552 3045 712 3086 editum
748 3049 823 3086 est.

422 3121 596 3171 ·Ljubic,
623 3122 806 3167 Ogledalo
839 3124 1044 3169 knjiievne
1082 3125 1249 3169 povjesti
1276 3123 1592 3170 jugoslavenske,
1625 3123 1748 3157 Rieka
1786 3123 1885 3166 1864,
1918 3122 1947 3163 I,
1983 3121 2048 3165 433
2075 3122 2104 3156 Ι.

319 3165 462 3209 Ber-61³,
491 3163 653 3203 C‘itanka
677 3171 877 3204 staroslov.
899 3170 1037 3215 jezika,
1064 3171 1175 3215 Prag⁷
1202 3170 1266 3204 186
1313 3181 1348 3214 p.
1375 3169 1487 3202 XVII
1514 3173 1553 3203 et
1579 3168 1633 3202 90.
