2191 3434
560 143 1128 190 Glagolito-Romanae
1157 142 1229 177 XV
1255 153 1283 177 s.
1814 143 1856 177 21

469 291 538 343 78.
571 300 690 342 1475,
725 299 785 341 17.
823 288 960 336 Junii,
1001 286 1209 340 Omz's'aljz'
1248 287 1413 339 Veglen.

156 375 434 428 Supelectilis
467 374 679 414 ecclesiae
712 373 755 413 B.
789 373 840 413 V.
873 371 1032 412 Mariae
1065 371 1332 423 Assumptae
1365 371 1561 423 Omisalji
1598 370 1856 424 (Castelmu-

15 448 137 488 schio
171 447 402 500 Veglensis
436 443 714 497 dioeceseos)
748 446 790 484 in
822 443 984 484 Missali
1018 443 1282 496 Glagolitico
1309 442 1587 494 Omisaljensi
1620 441 1721 495 (Cfr.
1754 442 1857 482 XIV

13 532 46 560 s.
62 519 110 559 N.
142 519 200 558 20
231 517 551 558 characteribus
583 517 842 570 glagoliticis
874 521 1098 555 numerata
1129 514 1373 554 adnotatur.

155 592 316 639 Surmin,
343 600 438 632 Acta
464 598 630 632 croatica
654 597 679 637 Ι,
707 596 909 641 Zagrabiae
936 598 1039 637 1898,
1065 596 1135 631 277
1164 606 1191 629 s,

373 765 439 807 79.
472 756 599 807 1480,
631 766 772 794 mense
808 751 1030 801 Janumii,
1069 750 1278 804 Omiraljz'
1316 751 1482 803 Veglen.

152 850 402 892 Thesaurus
448 849 659 890 ecclesiae
703 849 748 889 B.
807 848 860 888 V.
901 847 1061 889 Mariae
1106 846 1374 899 Assumptae
1420 845 1618 899 Omisalji
1671 844 1856 900 (Castel-

14 922 210 963 muschio
242 922 475 975 veglensis
508 918 785 972 dioeceseos)
840 922 881 959 in
927 919 1088 959 Missali
1129 917 1395 972 Glagolitico
1441 917 1721 970 Omisaljensi
1754 916 1855 971 (Cfr.

11 993 113 1034 XIV
145 1008 189 1043 s.,
233 993 283 1034 N.
317 990 403 1046 20),
436 993 755 1032 characteribus
789 991 1048 1044 glagoliticis
1081 995 1368 1030 recenseture.

155 1067 315 1116 Surmin,
341 1075 438 1108 Acta
464 1074 628 1108 croatica
654 1075 679 1114 Ι,
705 1072 906 1118 Zagrabiae
933 1075 1036 1112 1898,
1065 1074 1142 1106 288.

555 1231 624 1270 80.
657 1231 782 1283 1481,
814 1241 869 1282 24
901 1227 1078 1282 Aprilis,
1124 1227 1318 1269 Venetzis.

153 1328 427 1369 Gubernium
472 1326 734 1366 Veneticum
769 1327 958 1378 primum
993 1326 1263 1377 provisorem
1299 1326 1339 1364 in
1363 1324 1545 1364 insulam
1581 1325 1747 1378 Veglae
1781 1326 1855 1366 de-

0 1407 180 1461 mutans,
231 1401 340 1438 inter
390 1399 470 1444 alia
520 1398 692 1438 Fratres
725 1397 954 1437 cuiusdam
1007 1397 1257 1436 monasterii
1311 1398 1352 1435 in
1405 1396 1561 1436 eadem
1616 1397 1753 1436 insula
1786 1399 1854 1438 siti

0 1466 134 1511 'more
184 1471 304 1511 slavo
357 1470 629 1510 celebrantes
681 1468 922 1508 eiiciendos
974 1469 1204 1520 latinisque
1256 1468 1470 1521 religiosis
1521 1469 1854 1509 substituendos

11 1544 141 1583 iubet.

157 1614 472 1666 »Reperiuntur
506 1614 546 1652 in
581 1613 649 1652 illa
683 1612 821 1652 insula
874 1607 1071 1665 [Veglae]
1109 1613 1149 1650 in
1205 1617 1325 1651 certo
1360 1612 1639 1659 monasterio,
1673 1611 1852 1663 quidam

9 1673 179 1714 Fratres
212 1673 368 1722 Sclavi,
401 1674 474 1725 qui
507 1671 749 1712 sacrificant
777 1685 818 1711 er
841 1671 1061 1711 celebrant
1085 1671 1229 1710 divina
1265 1669 1409 1709 officia
1442 1683 1565 1710 more
1599 1671 1759 1719 sclavo,
1780 1672 1854 1723 qui

10 1735 134 1773 variis
168 1735 308 1774 causis
340 1740 440 1773 sunt
473 1746 531 1772 ex
564 1732 702 1771 insula
752 1731 948 1783 predicta
981 1730 1251 1770 removendi.
1303 1730 1436 1782 Igitur
1469 1731 1546 1770 tibi
1581 1730 1855 1779 mandamus,

8 1801 55 1833 ut
88 1806 188 1832 cum
224 1794 413 1844 primum
446 1793 488 1832 in
521 1792 705 1831 insulam
758 1791 872 1830 illam
908 1792 1169 1842 perveneris,
1218 1791 1397 1829 reiicere
1450 1797 1493 1829 et
1524 1790 1745 1830 licentiare
1779 1790 1855 1829 de-

10 1853 114 1892 beas
147 1853 298 1893 fratres
348 1852 571 1904 predictos
604 1851 786 1897 sclavos,
839 1863 920 1889 nec
955 1851 1181 1901 permittes
1231 1849 1420 1901 aliquem
1457 1862 1607 1889 eorum
1654 1849 1743 1889 ullo
1777 1863 1854 1889 un·

10 1925 141 1965 quam
175 1919 375 1964 tempore
408 1913 553 1950 venire
589 1912 629 1950 in
671 1910 855 1950 insulam
909 1910 1164 1961 predictam,
1197 1916 1239 1948 et
1290 1922 1392 1948 cura
1424 1908 1583 1948 habere
1617 1909 1725 1948 alios
1759 1911 1854 1949 reli-

10 1974 172 2025 giosos,
223 1973 295 2024 qui
347 1973 390 2011 in
441 1971 707 2011 monasterio
761 1969 960 2021 predicto
995 1976 1111 2009 stent
1163 1976 1204 2007 et
1250 1969 1474 2008 celebrent
1526 1981 1648 2008 more
1701 1976 1851 2008 nostro

9 2032 186 2071 latinos

152 2099 378 2133 Commissio
404 2099 593 2134 Francisci
618 2099 738 2132 Barbo
765 2098 972 2142 provisoris
999 2097 1153 2143 Vegla0‚
1182 2097 1328 2142 Ljubic',
1356 2096 1654 2131 Commissiones
1682 2102 1719 2131 et
1746 2097 1854 2131 Rela-

9 2148 133 2182 tiones
161 2148 341 2187 Venetae,
369 2147 569 2191 Zagabriae
597 2150 699 2188 1876,
726 2147 751 2187 Ι,
779 2149 858 2180 107.

497 2305 563 2344 81.
598 2304 900 2357 1389—1481,
944 2301 1168 2350 Verbenicz',
1212 2302 1378 2354 Veglen.

151 2400 413 2441 Breviarium
447 2400 760 2453 Glagoliticum
777 2399 1118 2447 Verbenicense,
1152 2399 1272 2451 quod
1298 2400 1339 2438 in
1363 2398 1634 2438 Bibliotheca
1669 2398 1852 2452 Collegii

12 2471 172 2513 Urbani
218 2472 274 2512 de
326 2472 611 2525 propaganda
643 2471 752 2511 Fide
802 2478 1057 2519 asservatur,
1109 2472 1148 2509 in
1183 2470 1352 2510 diocesi
1403 2469 1615 2522 Veglensi
1661 2472 1854 2509 conscri-

13 2543 136 2584 bitur.

153 2613 349 2647 Assemani
394 2612 473 2646 Kal.
501 2612 573 2646 Un.
602 2612 703 2646 Eccl.
732 2612 793 2647 IV.
840 2622 920 2654 cap.
948 2611 1011 2645 IV.
1062 2613 1094 2653 ξ
1122 2613 1151 2644 6.
1183 2610 1391 2644 »Breviaria
1435 2615 1472 2644 et
1519 2610 1679 2644 Missalia
1724 2620 1852 2644 manu-

31 2660 151 2704 cripta
176 2660 325 2695 Slavico
350 2670 528 2694 sermone
548 2660 619 2693 ritu
646 2659 792 2693 Latino.
823 2680 863 2683 —
886 2660 1111 2693 Breviarium
1138 2678 1179 2682 —-
1202 2663 1289 2702 post
1310 2668 1447 2692 annum
1470 2661 1562 2692 1389
1577 2659 1851 2701 conscriptum:

38 2717 97 2741 am
125 2707 351 2742 Kalendario
377 2708 616 2753 subjungitur
642 2706 819 2742 Officium
849 2707 1081 2741 Visitationis
1109 2706 1295 2749 Deiparae
1323 2716 1408 2739 cum
1448 2705 1593 2740 Octava
1621 2717 1680 2739 —-:
1708 2705 1853 2740 Octava

36 2759 137 2789 utem
164 2755 295 2800 incipit
338 2775 380 2780 —
408 2755 568 2799 epistola
594 2754 775 2789 Bonifacii
801 2765 922 2798 papae
950 2755 1014 2794 IX,
1053 2755 1118 2799 qui
1146 2754 1298 2788 Urbano
1343 2754 1393 2788 VI
1421 2754 1620 2796 successit;
1666 2753 1853 2796 colligitur

43 2803 226 2836 reviarum
251 2803 324 2837 hoc
345 2804 525 2847 scriptum
552 2802 668 2836 fuisse
688 2807 776 2846 post
803 2813 942 2836 annum
969 2805 1072 2841 1389,
1100 2812 1176 2845 quo
1198 2801 1332 2835 eadem
1360 2801 1447 2835 data
1468 2805 1536 2835 est.
1566 2821 1608 2825 —
1624 2801 1715 2835 Post
1734 2801 1847 2835 Octa-

37 2860 96 2883 am
123 2849 354 2884 Visitationis
380 2851 417 2884 in
444 2850 666 2885 Calendario
692 2850 844 2895 legitur:
874 2853 963 2884 1381
992 2850 1132 2883 mensis
1177 2849 1370 2883 Februarii
1397 2850 1458 2882 die
1498 2851 1541 2883 15
1568 2849 1721 2893 quando
1750 2849 1851 2882 venit

49 2897 266 2931 erbenicum
305 2897 492 2932 Dominus
517 2898 735 2932 Ludovicus
776 2897 914 2932 Rhodo
940 2907 1026 2931 cum
1054 2896 1172 2930 tribus
1217 2895 1407 2930 militibus.
1437 2897 1483 2930 Et
1527 2896 1574 2930 ad
1601 2896 1701 2930 diem
1750 2899 1767 2929 7
1796 2896 1849 2937 Ia-

40 2945 129 2977 uarii
156 2947 260 2979 1533:
288 2945 441 2989 quando
480 2946 606 2988 coepit
632 2945 818 2979 aedificari
846 2945 957 2979 turris
984 2944 1221 2987 campanaria
1256 2945 1292 2977 in
1322 2944 1545 2977 Verbenico.
1587 2944 1641 2977 Ex
1668 2954 1744 2987 quo
1772 2943 1849 2976 col-

27 2992 147 3073 ilgitur.
175 2991 211 3025 id
238 2992 463 3026 Breviarium
490 2992 578 3026 olim
606 2993 832 3036 pertinuisse
871 2993 918 3026 ad
940 2992 1148 3026 Ecclesiam
1192 2991 1403 3031 verbeniei,
1431 2991 1515 3035 pagi
1566 2992 1600 3024 in
1629 2991 1747 3024 insula
1775 2990 1847 3024 Ve-

53 3039 132 3072 ensi
158 3040 251 3073 siti«.
